2498 3575
397 282 479 333 De
505 276 729 330 Arabum
754 275 979 328 Moribus
1003 276 1103 348 post
1126 274 1517 328 Molzammedem.

141 480 416 538 adstruant,
458 478 721 530 afferentes
761 476 955 528 necesse
996 476 1091 527 effe
1121 487 1182 527 ut
1211 487 1381 527 textus
1411 474 1486 525 isti
1518 475 1569 525 in
1599 475 1779 545 quibus

142 574 202 624 fit
241 592 418 625 eorum
460 572 674 631 mentiO,
723 583 863 641 puta,
914 570 1132 621 seffionis
1173 570 1226 620 in
1275 571 1477 629 throno,
1520 569 1782 618 creationis

144 685 304 718 manu
333 666 558 736 peractae,
601 676 652 716 et
681 664 928 735 ejusmodi
959 665 1194 723 aliorum,
1237 664 1380 714 sensu
1410 662 1591 713 literali
1628 662 1781 712 intel-

144 759 382 829 ligantur,
423 770 482 810 ut
539 778 643 808 non
699 778 826 828 opus
873 758 934 808 sit
990 759 1053 808 ad
1110 757 1504 828 explicationem
1562 756 1783 825 aliquam

146 855 453 922 confugere;
497 851 587 902 nisi
627 853 764 921 quod
804 871 982 903 eorum
1018 851 1270 910 nonnulli,
1314 851 1445 902 inter
1485 870 1609 921 quos
1642 849 1795 900 Ahzc'l

148 945 317 1020 Hasan
373 945 622 1015 Afharius,
681 945 883 1015 aliique,
943 947 1070 996 dum
1126 945 1427 1015 Theologiae
1485 944 1788 996 scholastica:

149 1051 398 1112 praecepta
455 1041 680 1098 tradunt,
739 1039 1175 1110 comparationem
1234 1038 1534 1109 prohibeant
1565 1036 1617 1098 ἧς’,
1676 1057 1790 1106 quae
1850 1032 1964 1109 *⁹¹²3ss

150 1134 404 1186 sententia
439 1146 641 1203 recepta
677 1133 747 1183 est
781 1134 843 1184 ab
873 1132 929 1183 iis
959 1133 1046 1202 qui
1078 1132 1431 1184 traditionibus
1476 1130 1790 1201 [Mohammc—
1821 1104 1910 1187 32]ιῇ
1935 1142 1970 1177 ,υς
1995 1155 2073 1191 (με

151 1228 240 1300 dis]
283 1239 337 1280 et
392 1227 644 1279 sociorum
687 1225 878 1296 [ipsius]
922 1226 1184 1277 consensui
1242 1225 1550 1276 innituntur.
1620 1226 1795 1293 Atque
1841 1210 1970 1290 smmi}

152 1323 226 1375 ita
254 1322 482 1374 doctrina
512 1320 793 1392 &saliorum
821 1322 883 1371 ad
914 1322 1046 1371 hanc
1072 1319 1385 1389 Afhczriorzmz
1414 1319 1650 1370 transsata
1679 1317 1766 1368 est.
1830 1292 2002 1396 diffinii-

227 1417 351 1485 Jam
395 1435 509 1467 vero
543 1413 828 1466 AJKczdarii
860 1415 978 1465 sunt
1016 1425 1068 1465 et
1110 1413 1180 1464 illi
1217 1433 1244 1464 e
1283 1413 1564 1473 Matazalis,
1606 1431 1798 1463 nomen
1847 1425 2014 1464 Kadarii.

155 1508 549 1563 AlKadariorum
578 1508 696 1559 inde
725 1508 903 1569 sortiti,
945 1510 1083 1578 quod
1110 1506 1350 1568 cleadczr,
1392 1508 1423 1558 i.
1455 1527 1496 1558 e.
1540 1507 1801 1558 Decretum

158 1604 438 1676 [divinum]
481 1604 681 1663 tollant,
722 1622 828 1654 non
873 1604 1012 1673 quod
1057 1601 1184 1653 illud
1222 1601 1450 1653 afferant.
1519 1600 1803 1652 Affirmant

157 1699 405 1770 siquidem
434 1696 704 1749 hominem
734 1696 983 1767 potestate
1012 1696 1287 1767 praeditum
1318 1696 1431 1755 effe,
1460 1715 1561 1766 qua
1583 1694 1804 1745 actiones

161 1796 277 1846 edat
307 1804 416 1844 tarn
445 1794 601 1844 bonas
631 1811 788 1861 quam
818 1791 993 1852 malas,
1035 1790 1322 1860 mererique
1359 1791 1424 1841 ob
1455 1809 1513 1840 ea
1541 1808 1656 1858 quae
1683 1788 1806 1839 facit

161 1888 436 1960 praemium
467 1899 518 1939 et
547 1906 775 1957 poenam,
814 1887 1069 1956 longeque
1098 1884 1261 1936 abeffe
1290 1885 1352 1935 ab
1381 1885 1479 1935 hoc
1509 1881 1805 1934 Dominum

164 1984 312 2053 super
341 1980 516 2034 omnia
547 1981 820 2040 excelsum,
860 1991 922 2031 ut
950 1979 1260 2030 attribuatur
1289 1977 1361 2028 illi
1393 1979 1592 2029 malurn
1630 1988 1681 2027 et
1710 1975 1806 2027 ini-

164 2077 330 2148 quitas
354 2097 364 2127 :
407 2086 460 2127 et
489 2076 587 2126 hoc
616 2076 804 2145 dogma
825 2073 1119 2144 AEquitcztem
1148 2072 1500 2132 nominarunt,
1532 2091 1689 2141 quam
1720 2072 1807 2121 de-

164 2171 355 2222 finiunt
377 2168 769 2220 Ordinationem
800 2167 1007 2219 aetionis
1036 2168 1322 2218 secundum
1352 2167 1570 2217 modum
1601 2165 1809 2216 rectitu-

166 2265 313 2324 dinis,
355 2275 407 2315 et
433 2264 624 2314 rectam
660 2262 1036 2333 dispositionem
1067 2263 1173 2333 ejus
1202 2262 1340 2331 quod
1368 2259 1545 2312 statuit
1579 2260 1810 2311 intellec-

168 2371 250 2410 tus
306 2359 588 2409 secundum
641 2356 956 2427 sapientiam.
1033 2355 1289 2407 Contrarii
1344 2353 1645 2406 Achzdczrizic
1696 2354 1815 2405 sunt

170 2452 462 2526 AlJabarii,
505 2451 593 2522 qui
633 2451 696 2502 ab
734 2450 947 2501 homine
984 2449 1256 2510 actionem,
1299 2461 1387 2500 aut
1426 2447 1732 2518 potestatem
1762 2448 1815 2498 in
1861 2459 2014 2512 Jabarii.

172 2547 445 2606 actionem,
488 2545 682 2616 prorsus
711 2556 996 2605 removent,
1038 2544 1280 2604 dicentes,
1318 2544 1496 2594 Deum
1526 2543 1672 2612 supra
1700 2561 1814 2593 om-

174 2641 259 2694 nia
303 2640 560 2692 excelsum
605 2658 772 2690 creare
814 2638 1087 2699 actionem,
1130 2648 1182 2688 et
1224 2655 1391 2688 creare
1435 2635 1726 2706 potentiam
1764 2635 1816 2685 in

173 2735 403 2795 homine,
444 2753 560 2804 quae
609 2733 672 2784 ad
717 2732 974 2784 actionem
1022 2732 1160 2783 illam
1211 2730 1450 2801 pertinet,
1501 2749 1598 2781 nec
1643 2741 1818 2780 tamen

175 2829 271 2882 effe
301 2807 525 2898 aliquem
547 2826 601 2878 in
623 2826 769 2878 istam
799 2826 1054 2878 actionem
1084 2827 1146 2877 ab
1176 2825 1266 2876 ista
1294 2824 1524 2895 potentia
1546 2824 1816 2874 influxum.

176 2924 310 2975 Sunt
348 2933 402 2973 et
440 2941 503 2973 ex
543 2920 638 2972 illis
676 2919 764 2991 qui
801 2920 1016 2972 afferant
1053 2920 1106 2971 in
1141 2918 1354 2971 homine
1389 2918 1677 2988 potentiam
1707 2936 1821 2986 quae

180 3016 558 3086 impreffionem
606 3014 830 3085 aliquam
880 3015 1064 3066 habeat
1120 3014 1174 3065 in
1230 3013 1502 3072 actionem,
1549 3012 1822 3080 dicantque
