2498 3575
427 303 528 375 558
1195 307 1751 353 ,EXCERPTA

382 501 419 536 P.
442 498 531 548 478.
672 496 785 536 tum
820 486 890 536 est
925 486 979 536 in
1013 486 1182 554 capite
1215 494 1400 553 quarto
1427 486 1564 536 inter
1588 484 1827 537 Arabum
1854 505 2017 557 regeS.
2095 486 2140 538 E
2168 486 2315 540 Ken-

672 581 790 631 ditis
826 580 1078 631 oriundus
1112 588 1222 631 erat
1257 579 1489 650 Hodjrus
1524 581 1662 632 filius
1699 580 1842 643 Adii,
1870 599 2048 633 comes
2081 582 2189 633 Alii
2223 582 2317 634 filii

672 675 993 726 Aboutalebi
1018 695 1029 726 :
1072 674 1336 744 Hodjrum
1364 675 1511 726 illum
1539 675 1801 726 violenter
1826 677 2031 728 necavit
2057 676 2316 730 Moawia:

672 772 736 821 ad
757 771 978 821 eandem
1002 770 1196 821 tribum
1222 770 1473 838 pertinuit
1489 771 1657 840 judex
1678 769 2011 821 SchoraihuS.
2061 769 2318 822 Kendita-

672 883 789 916 rum
823 866 954 916 rami
994 864 1113 915 sunt
1150 863 1447 916 Sakafikitae
1482 873 1536 915 et
1570 864 1867 916 Saconnitae
1894 865 1987 915 filii
2015 864 2200 926 Sharfi‚
2226 865 2321 916 filii

666 959 876 1012 Kendae
900 981 910 1011 ε
953 977 982 1010 e
1010 959 1305 1010 Saconnitis
1332 959 1432 1010 fuit
1458 958 1693 1009 Moawia
1713 959 1849 1010 filius
1874 958 2142 1027 Khadidji,
2164 977 2194 1010 a
2214 977 2321 1028 quo

673 1054 977 1106 interfestus
1004 1055 1075 1105 est
1113 1054 1518 1105 Mohammedes
1544 1052 1848 1104 Aboubecri
1874 1054 2012 1104 filius
2033 1075 2045 1115 ;
2087 1054 2322 1123 itemque

676 1148 937 1200 Hosainus
971 1149 1106 1199 filius
1139 1148 1379 1199 Nomairi
1414 1148 1714 1209 Saconnita,
1748 1148 1839 1216 qui
1871 1148 2183 1200 exercitibus
2214 1148 2322 1200 Ya-

676 1244 797 1304 zidi,
825 1243 1074 1294 Moawiae
1102 1243 1212 1303 filii,
1240 1242 1454 1313 praefuit
1483 1243 1598 1311 post
1629 1241 1950 1293 Mossemum
1981 1243 2150 1294 filium
2180 1242 2323 1295 Aka-

372 1344 629 1381 *Vid-Abul-
678 1339 778 1398 bae,
806 1338 1020 1406 quando
1044 1346 1343 1407 pugnatum
1370 1337 1442 1388 est
1466 1338 1532 1387 ad
1558 1335 1784 1388 Hatram
1812 1346 1958 1388 extra
1983 1336 2322 1389 Medinam*.

359 1400 450 1436 fedae
472 1398 612 1435 Annal.

361 1452 467 1490 Moss.
488 1460 580 1489 torn.
596 1451 618 1489 i.

361 1512 561 1557 p-394·et

362 1562 452 1611 396·
752 1526 908 1578 Sexta
934 1527 1097 1577 tribus
1124 1525 1519 1578 Cahlanitarum
1553 1526 1646 1577 filii
1681 1525 1800 1576 sunt
1832 1525 2087 1587 Motum,
2115 1527 2205 1595 qui
2243 1544 2324 1578 re-

677 1622 891 1692 gionem
928 1621 1231 1672 incolebant
1264 1638 1293 1671 e
1330 1621 1600 1671 montibus
1626 1620 1880 1672 Yemanae
1917 1639 2035 1689 quae
2063 1621 2324 1673 Zebidum

677 1717 907 1787 attingit.
980 1715 1298 1784 Quicunque
1324 1734 1388 1766 ex
1414 1715 1678 1766 Arabibus
1703 1715 2118 1766 Yemanenfibus
2144 1715 2326 1767 Mora-

681 1812 802 1862 ditae
841 1810 1162 1880 cognomine
1198 1811 1410 1881 gaudet,
1437 1811 1501 1861 ad
1537 1810 1675 1861 hanc
1709 1809 2093 1861 Moraditarum
2130 1810 2326 1862 tribum

632 1900 634 1902 ¹
680 1907 752 1957 est
777 1904 1094 1957 referendUS.

636 2137 637 2142 ,
734 2095 1141 2146 Cahlanitarum
1166 2093 1332 2144 tribus
1354 2092 1575 2162 septima
1595 2092 1898 2145 ANMARUM
1921 2093 2142 2144 Cahlani
2159 2093 2328 2146 filium

683 2198 922 2240 autorem
950 2189 1101 2239 suum
1128 2187 1380 2258 agnoscit.
1422 2185 1631 2238 Horum
1659 2189 1765 2238 duo
1791 2187 1911 2239 sunt
1938 2189 2070 2239 rami
2095 2188 2329 2258 Bodjaila

684 2293 737 2335 et
768 2282 1059 2334 Khotham.
1137 2282 1224 2333 Ad
1259 2281 1563 2350 Bodjailitas
1601 2282 1859 2352 originem
1893 2283 2037 2334 suam
2072 2282 2329 2335 referebat

687 2377 958 2446 Djorairus
984 2377 1120 2427 filius
1147 2375 1429 2427 Abdallahi
1460 2375 1754 2445 Bodjailita,
1783 2394 1961 2428 comes
1988 2377 2328 2430 Mohamme-

686 2474 781 2533 dis,
817 2489 975 2540 quem
1015 2470 1117 2521 suae
1149 2470 1323 2540 gentis
1363 2469 1654 2539 Josephum
1695 2471 1763 2521 ob
1800 2471 2059 2541 insignem
2098 2473 2328 2541 corporis

654 2599 657 2621 ,
684 2565 1130 2635 pulchritudinem
1159 2559 1420 2615 dicebant.
1497 2562 1583 2614 De
1607 2581 1670 2614 eo
1697 2564 1897 2616 dieium
1925 2566 1997 2616 est
2020 2586 2031 2617 ε

763 2669 830 2715 Ni
855 2669 967 2715 effet
991 2668 1248 2730 Djorairus,
1273 2667 1435 2730 utique
1459 2666 1730 2713 interiissent
1754 2664 2045 2735 Bodjailitae:
2072 2669 2118 2716 O
2144 2669 2326 2717 suavem

831 2762 1047 2824 puerum!
1076 2761 1121 2806 O
1148 2759 1334 2806 invisam
1361 2758 1603 2805 familiam!

687 2855 818 2907 Haec
844 2864 993 2906 erant
1019 2855 1239 2906 dicenda
1264 2855 1328 2905 de
1353 2853 1566 2923 posteris
1591 2852 1814 2905 Cahlani
1838 2854 1930 2905 filii
1958 2855 2123 2907 Sabae.
