<?xml version="1.0" encoding="UTF-8"?>
<!DOCTYPE html PUBLIC "-//W3C//DTD XHTML 1.0 Transitional//EN"
    "http://www.w3.org/TR/xhtml1/DTD/xhtml1-transitional.dtd">
<html xmlns="http://www.w3.org/1999/xhtml" xml:lang="en" lang="en">
 <head>
  <title>
</title>
<meta http-equiv="Content-Type" content="text/html;charset=utf-8" />
  <meta name='ocr-system' content='tesseract 3.04.00' />
  <meta name='ocr-capabilities' content='ocr_page ocr_carea ocr_par ocr_line ocrx_word'/>
</head>
<body>
  <div class='ocr_page' id='page_1' title='image "./specimenhistoria00pocouoft_0015.png"; bbox 0 0 2498 3575; ppageno 0'>
   <div class='ocr_carea' id='block_1_1' title="bbox 623 445 1646 512">
    <p class='ocr_par' dir='ltr' id='par_1_1' title="bbox 623 445 1646 512">
     <span class='ocr_line' id='line_1_1' title="bbox 623 445 1646 512; baseline 0.004 -4"><span class='ocrx_word' id='word_1_1' title='bbox 623 445 1082 509; x_wconf 87' lang='lat' dir='ltr'>EDITORIS</span> <span class='ocrx_word' id='word_1_2' title='bbox 1133 447 1646 512; x_wconf 79' lang='lat' dir='ltr'><strong>PRAEFATIO.</strong></span> 
     </span>
    </p>
   </div>
   <div class='ocr_carea' id='block_1_2' title="bbox 968 674 1317 695">
    <p class='ocr_par' dir='ltr' id='par_1_2' title="bbox 968 674 1317 695">
     <span class='ocr_line' id='line_1_2' title="bbox 968 674 1317 695; baseline 0 2880"><span class='ocrx_word' id='word_1_3' title='bbox 968 674 1317 695; x_wconf 95' lang='lat' dir='ltr'> </span> 
     </span>
    </p>
   </div>
   <div class='ocr_carea' id='block_1_3' title="bbox 899 836 1368 892">
    <p class='ocr_par' dir='ltr' id='par_1_3' title="bbox 899 836 1368 892">
     <span class='ocr_line' id='line_1_3' title="bbox 899 836 1368 892; baseline 0.011 -5"><span class='ocrx_word' id='word_1_4' title='bbox 899 836 1262 891; x_wconf 89' lang='lat' dir='ltr'><strong>LECTORI</strong></span> <span class='ocrx_word' id='word_1_5' title='bbox 1317 841 1368 892; x_wconf 85' lang='lat' dir='ltr'>S.</span> 
     </span>
    </p>
   </div>
   <div class='ocr_carea' id='block_1_4' title="bbox 155 1005 2105 2280">
    <p class='ocr_par' dir='ltr' id='par_1_4' title="bbox 155 1005 2105 2280">
     <span class='ocr_line' id='line_1_4' title="bbox 170 1005 2102 1113; baseline 0.004 -24"><span class='ocrx_word' id='word_1_6' title='bbox 170 1005 271 1090; x_wconf 80' lang='lat' dir='ltr'>IN</span> <span class='ocrx_word' id='word_1_7' title='bbox 307 1041 405 1090; x_wconf 84' lang='lat' dir='ltr'>hac</span> <span class='ocrx_word' id='word_1_8' title='bbox 441 1041 610 1090; x_wconf 85' lang='lat' dir='ltr'>nostra</span> <span class='ocrx_word' id='word_1_9' title='bbox 638 1039 885 1092; x_wconf 88' lang='lat' dir='ltr'>Editione</span> <span class='ocrx_word' id='word_1_10' title='bbox 915 1041 1057 1093; x_wconf 89' lang='lat' dir='ltr'>Libri</span> <span class='ocrx_word' id='word_1_11' title='bbox 1085 1043 1418 1094; x_wconf 76' lang='lat' dir='ltr'>laudatissimi</span> <span class='ocrx_word' id='word_1_12' title='bbox 1447 1045 1573 1112; x_wconf 89' lang='lat' dir='ltr'>quid</span> <span class='ocrx_word' id='word_1_13' title='bbox 1595 1045 1886 1113; x_wconf 84' lang='lat' dir='ltr'>praestitum</span> <span class='ocrx_word' id='word_1_14' title='bbox 1914 1045 1991 1107; x_wconf 84' lang='lat' dir='ltr'>sit,</span> <span class='ocrx_word' id='word_1_15' title='bbox 2022 1047 2102 1096; x_wconf 82' lang='lat' dir='ltr'>vel</span> 
     </span>
     <span class='ocr_line' id='line_1_5' title="bbox 163 1130 2104 1201; baseline 0.003 -21"><span class='ocrx_word' id='word_1_16' title='bbox 163 1139 447 1190; x_wconf 88' lang='lat' dir='ltr'>tentatum,</span> <span class='ocrx_word' id='word_1_17' title='bbox 476 1130 655 1197; x_wconf 83' lang='lat' dir='ltr'>paucis</span> <span class='ocrx_word' id='word_1_18' title='bbox 695 1140 746 1180; x_wconf 90' lang='lat' dir='ltr'>te</span> <span class='ocrx_word' id='word_1_19' title='bbox 786 1132 1180 1182; x_wconf 89' lang='lat' dir='ltr'>commonitum</span> <span class='ocrx_word' id='word_1_20' title='bbox 1216 1133 1393 1183; x_wconf 78' lang='lat' dir='ltr'>velim.</span> <span class='ocrx_word' id='word_1_21' title='bbox 1472 1133 1673 1184; x_wconf 86' lang='lat' dir='ltr'>Totum</span> <span class='ocrx_word' id='word_1_22' title='bbox 1703 1152 1851 1201; x_wconf 86' lang='lat' dir='ltr'>opus,</span> <span class='ocrx_word' id='word_1_23' title='bbox 1880 1136 2104 1186; x_wconf 85' lang='lat' dir='ltr'>antehac</span> 
     </span>
     <span class='ocr_line' id='line_1_6' title="bbox 159 1220 2101 1292; baseline 0.003 -23"><span class='ocrx_word' id='word_1_24' title='bbox 159 1220 376 1288; x_wconf 81' lang='lat' dir='ltr'>peslime</span> <span class='ocrx_word' id='word_1_25' title='bbox 418 1220 659 1270; x_wconf 87' lang='lat' dir='ltr'>habitum</span> <span class='ocrx_word' id='word_1_26' title='bbox 702 1238 732 1270; x_wconf 87' lang='lat' dir='ltr'>a</span> <span class='ocrx_word' id='word_1_27' title='bbox 772 1222 1083 1289; x_wconf 69' lang='lat' dir='ltr'>typothetis,</span> <span class='ocrx_word' id='word_1_28' title='bbox 1128 1222 1434 1290; x_wconf 83' lang='lat' dir='ltr'>mendisque</span> <span class='ocrx_word' id='word_1_29' title='bbox 1478 1223 1697 1273; x_wconf 87' lang='lat' dir='ltr'>infinitis</span> <span class='ocrx_word' id='word_1_30' title='bbox 1738 1225 2101 1292; x_wconf 83' lang='lat' dir='ltr'>depravatum,</span> 
     </span>
     <span class='ocr_line' id='line_1_7' title="bbox 161 1308 2104 1380; baseline 0.004 -22"><span class='ocrx_word' id='word_1_31' title='bbox 161 1318 383 1359; x_wconf 88' lang='lat' dir='ltr'>conatus</span> <span class='ocrx_word' id='word_1_32' title='bbox 424 1308 536 1359; x_wconf 90' lang='lat' dir='ltr'>sum</span> <span class='ocrx_word' id='word_1_33' title='bbox 580 1327 676 1377; x_wconf 90' lang='lat' dir='ltr'>pro</span> <span class='ocrx_word' id='word_1_34' title='bbox 707 1310 841 1360; x_wconf 79' lang='lat' dir='ltr'>virili</span> <span class='ocrx_word' id='word_1_35' title='bbox 879 1311 1212 1361; x_wconf 81' lang='lat' dir='ltr'>emendatius</span> <span class='ocrx_word' id='word_1_36' title='bbox 1250 1313 1387 1362; x_wconf 87' lang='lat' dir='ltr'>dare.</span> <span class='ocrx_word' id='word_1_37' title='bbox 1467 1311 1658 1380; x_wconf 80' lang='lat' dir='ltr'>Neque</span> <span class='ocrx_word' id='word_1_38' title='bbox 1697 1322 1876 1363; x_wconf 90' lang='lat' dir='ltr'>tamen</span> <span class='ocrx_word' id='word_1_39' title='bbox 1916 1315 1968 1363; x_wconf 92' lang='lat' dir='ltr'>in</span> <span class='ocrx_word' id='word_1_40' title='bbox 2006 1316 2104 1366; x_wconf 87' lang='lat' dir='ltr'>hac</span> 
     </span>
     <span class='ocr_line' id='line_1_8' title="bbox 159 1398 2103 1470; baseline 0.003 -21"><span class='ocrx_word' id='word_1_41' title='bbox 159 1408 307 1466; x_wconf 88' lang='lat' dir='ltr'>parte</span> <span class='ocrx_word' id='word_1_42' title='bbox 342 1398 604 1449; x_wconf 84' lang='lat' dir='ltr'>voluntati</span> <span class='ocrx_word' id='word_1_43' title='bbox 643 1416 775 1449; x_wconf 81' lang='lat' dir='ltr'>meae</span> <span class='ocrx_word' id='word_1_44' title='bbox 815 1398 1111 1451; x_wconf 78' lang='lat' dir='ltr'>satisfecifl&#39;e</span> <span class='ocrx_word' id='word_1_45' title='bbox 1153 1400 1260 1469; x_wconf 89' lang='lat' dir='ltr'>ipse</span> <span class='ocrx_word' id='word_1_46' title='bbox 1301 1401 1431 1451; x_wconf 89' lang='lat' dir='ltr'>mihi</span> <span class='ocrx_word' id='word_1_47' title='bbox 1464 1402 1681 1453; x_wconf 87' lang='lat' dir='ltr'>videor:</span> <span class='ocrx_word' id='word_1_48' title='bbox 1730 1402 2017 1470; x_wconf 75' lang='lat' dir='ltr'>praesertim</span> <span class='ocrx_word' id='word_1_49' title='bbox 2049 1405 2103 1455; x_wconf 88' lang='lat' dir='ltr'>in</span> 
     </span>
     <span class='ocr_line' id='line_1_9' title="bbox 159 1487 2103 1559; baseline 0.003 -21"><span class='ocrx_word' id='word_1_50' title='bbox 159 1487 212 1538; x_wconf 87' lang='lat' dir='ltr'>N</span> <span class='ocrx_word' id='word_1_51' title='bbox 216 1488 341 1548; x_wconf 88' lang='lat' dir='ltr'>otis;</span> <span class='ocrx_word' id='word_1_52' title='bbox 377 1497 656 1557; x_wconf 88' lang='lat' dir='ltr'>propterea</span> <span class='ocrx_word' id='word_1_53' title='bbox 691 1490 852 1556; x_wconf 89' lang='lat' dir='ltr'>quod,</span> <span class='ocrx_word' id='word_1_54' title='bbox 881 1508 1013 1557; x_wconf 90' lang='lat' dir='ltr'>quos</span> <span class='ocrx_word' id='word_1_55' title='bbox 1042 1490 1168 1540; x_wconf 89' lang='lat' dir='ltr'>citat</span> <span class='ocrx_word' id='word_1_56' title='bbox 1198 1508 1263 1541; x_wconf 83' lang='lat' dir='ltr'>ex</span> <span class='ocrx_word' id='word_1_57' title='bbox 1289 1491 1442 1540; x_wconf 81' lang='lat' dir='ltr'>variis</span> <span class='ocrx_word' id='word_1_58' title='bbox 1471 1491 1808 1559; x_wconf 83' lang='lat' dir='ltr'>scriptoribus</span> <span class='ocrx_word' id='word_1_59' title='bbox 1836 1492 1980 1543; x_wconf 91' lang='lat' dir='ltr'>locos</span> <span class='ocrx_word' id='word_1_60' title='bbox 2006 1494 2103 1544; x_wconf 80' lang='lat' dir='ltr'>Vir</span> 
     </span>
     <span class='ocr_line' id='line_1_10' title="bbox 161 1578 2104 1650; baseline 0.003 -21"><span class='ocrx_word' id='word_1_61' title='bbox 161 1578 531 1629; x_wconf 81' lang='lat' dir='ltr'>eruditissimus</span> <span class='ocrx_word' id='word_1_62' title='bbox 571 1596 725 1646; x_wconf 82' lang='lat' dir='ltr'>paene</span> <span class='ocrx_word' id='word_1_63' title='bbox 765 1578 1092 1640; x_wconf 89' lang='lat' dir='ltr'>innumeros,</span> <span class='ocrx_word' id='word_1_64' title='bbox 1129 1598 1251 1630; x_wconf 88' lang='lat' dir='ltr'>cum</span> <span class='ocrx_word' id='word_1_65' title='bbox 1290 1580 1346 1630; x_wconf 89' lang='lat' dir='ltr'>in</span> <span class='ocrx_word' id='word_1_66' title='bbox 1387 1581 1581 1631; x_wconf 85' lang='lat' dir='ltr'>librum</span> <span class='ocrx_word' id='word_1_67' title='bbox 1623 1582 1773 1632; x_wconf 88' lang='lat' dir='ltr'>suum</span> <span class='ocrx_word' id='word_1_68' title='bbox 1816 1583 2104 1650; x_wconf 86' lang='lat' dir='ltr'>conjecerit</span> 
     </span>
     <span class='ocr_line' id='line_1_11' title="bbox 159 1667 2105 1738; baseline 0.003 -20"><span class='ocrx_word' id='word_1_69' title='bbox 159 1668 267 1718; x_wconf 89' lang='lat' dir='ltr'>fine</span> <span class='ocrx_word' id='word_1_70' title='bbox 293 1668 398 1718; x_wconf 90' lang='lat' dir='ltr'>ulla</span> <span class='ocrx_word' id='word_1_71' title='bbox 425 1667 611 1735; x_wconf 73' lang='lat' dir='ltr'>capitis</span> <span class='ocrx_word' id='word_1_72' title='bbox 636 1668 718 1718; x_wconf 68' lang='lat' dir='ltr'>vel</span> <span class='ocrx_word' id='word_1_73' title='bbox 739 1667 960 1738; x_wconf 64' lang='lat' dir='ltr'>paginae</span> <span class='ocrx_word' id='word_1_74' title='bbox 987 1671 1516 1731; x_wconf 83' lang='lat' dir='ltr'>commemoratione,</span> <span class='ocrx_word' id='word_1_75' title='bbox 1542 1672 1684 1722; x_wconf 92' lang='lat' dir='ltr'>nulla</span> <span class='ocrx_word' id='word_1_76' title='bbox 1712 1691 1829 1723; x_wconf 89' lang='lat' dir='ltr'>mea</span> <span class='ocrx_word' id='word_1_77' title='bbox 1856 1673 2105 1724; x_wconf 85' lang='lat' dir='ltr'>industria</span> 
     </span>
     <span class='ocr_line' id='line_1_12' title="bbox 158 1758 2103 1828; baseline 0.004 -21"><span class='ocrx_word' id='word_1_78' title='bbox 158 1758 309 1826; x_wconf 88' lang='lat' dir='ltr'>potui</span> <span class='ocrx_word' id='word_1_79' title='bbox 346 1776 532 1808; x_wconf 91' lang='lat' dir='ltr'>omnes</span> <span class='ocrx_word' id='word_1_80' title='bbox 566 1758 830 1828; x_wconf 81' lang='lat' dir='ltr'>indagare,</span> <span class='ocrx_word' id='word_1_81' title='bbox 858 1767 911 1808; x_wconf 88' lang='lat' dir='ltr'>et</span> <span class='ocrx_word' id='word_1_82' title='bbox 946 1759 1011 1809; x_wconf 89' lang='lat' dir='ltr'>ad</span> <span class='ocrx_word' id='word_1_83' title='bbox 1038 1760 1314 1810; x_wconf 85' lang='lat' dir='ltr'>veritatem</span> <span class='ocrx_word' id='word_1_84' title='bbox 1354 1762 1656 1828; x_wconf 85' lang='lat' dir='ltr'>perducere.</span> <span class='ocrx_word' id='word_1_85' title='bbox 1735 1761 1861 1812; x_wconf 91' lang='lat' dir='ltr'>Non</span> <span class='ocrx_word' id='word_1_86' title='bbox 1901 1763 2103 1814; x_wconf 89' lang='lat' dir='ltr'>nescius</span> 
     </span>
     <span class='ocr_line' id='line_1_13' title="bbox 158 1848 2099 1920; baseline 0.003 -22"><span class='ocrx_word' id='word_1_87' title='bbox 158 1866 321 1907; x_wconf 87' lang='lat' dir='ltr'>eram,</span> <span class='ocrx_word' id='word_1_88' title='bbox 357 1856 535 1898; x_wconf 79' lang='lat' dir='ltr'>extare</span> <span class='ocrx_word' id='word_1_89' title='bbox 570 1848 740 1916; x_wconf 88' lang='lat' dir='ltr'>operis</span> <span class='ocrx_word' id='word_1_90' title='bbox 781 1848 1051 1915; x_wconf 83' lang='lat' dir='ltr'>exemplar</span> <span class='ocrx_word' id='word_1_91' title='bbox 1089 1849 1318 1900; x_wconf 60' lang='lat' dir='ltr'>auctoris</span> <span class='ocrx_word' id='word_1_92' title='bbox 1355 1868 1516 1900; x_wconf 89' lang='lat' dir='ltr'>manu</span> <span class='ocrx_word' id='word_1_93' title='bbox 1557 1850 1936 1920; x_wconf 88' lang='lat' dir='ltr'>conscriptum,</span> <span class='ocrx_word' id='word_1_94' title='bbox 1978 1872 2099 1904; x_wconf 87' lang='lat' dir='ltr'>cum</span> 
     </span>
     <span class='ocr_line' id='line_1_14' title="bbox 158 1936 2100 2011; baseline 0.003 -22"><span class='ocrx_word' id='word_1_95' title='bbox 158 1948 345 1989; x_wconf 78' lang='lat' dir='ltr'>caetera</span> <span class='ocrx_word' id='word_1_96' title='bbox 381 1939 492 2007; x_wconf 86' lang='lat' dir='ltr'>ejus</span> <span class='ocrx_word' id='word_1_97' title='bbox 533 1936 852 2006; x_wconf 67' lang='lat' dir='ltr'>supellectile</span> <span class='ocrx_word' id='word_1_98' title='bbox 890 1938 1116 1988; x_wconf 88' lang='lat' dir='ltr'>literaria</span> <span class='ocrx_word' id='word_1_99' title='bbox 1155 1939 1562 1991; x_wconf 84' lang='lat' dir='ltr'>conservatum:</span> <span class='ocrx_word' id='word_1_100' title='bbox 1606 1941 1753 2010; x_wconf 90' lang='lat' dir='ltr'>cujus</span> <span class='ocrx_word' id='word_1_101' title='bbox 1786 1943 2100 2011; x_wconf 83' lang='lat' dir='ltr'>exemplaris</span> 
     </span>
     <span class='ocr_line' id='line_1_15' title="bbox 155 2027 2098 2102; baseline 0.003 -23"><span class='ocrx_word' id='word_1_102' title='bbox 155 2047 254 2097; x_wconf 87' lang='lat' dir='ltr'>ope</span> <span class='ocrx_word' id='word_1_103' title='bbox 289 2038 340 2078; x_wconf 89' lang='lat' dir='ltr'>et</span> <span class='ocrx_word' id='word_1_104' title='bbox 376 2027 672 2088; x_wconf 85' lang='lat' dir='ltr'>admonitu,</span> <span class='ocrx_word' id='word_1_105' title='bbox 700 2027 736 2077; x_wconf 88' lang='lat' dir='ltr'>s1</span> <span class='ocrx_word' id='word_1_106' title='bbox 763 2045 826 2078; x_wconf 92' lang='lat' dir='ltr'>eo</span> <span class='ocrx_word' id='word_1_107' title='bbox 852 2028 929 2078; x_wconf 86' lang='lat' dir='ltr'>uti</span> <span class='ocrx_word' id='word_1_108' title='bbox 961 2028 1092 2078; x_wconf 90' lang='lat' dir='ltr'>mihi</span> <span class='ocrx_word' id='word_1_109' title='bbox 1124 2028 1361 2089; x_wconf 81' lang='lat' dir='ltr'>licuiffet,</span> <span class='ocrx_word' id='word_1_110' title='bbox 1390 2030 1749 2100; x_wconf 82' lang='lat' dir='ltr'>intelligebam</span> <span class='ocrx_word' id='word_1_111' title='bbox 1777 2033 1920 2100; x_wconf 74' lang='lat' dir='ltr'>pofi&#39;e</span> <span class='ocrx_word' id='word_1_112' title='bbox 1946 2034 2098 2102; x_wconf 87' lang='lat' dir='ltr'>plura</span> 
     </span>
     <span class='ocr_line' id='line_1_16' title="bbox 157 2116 2096 2189; baseline 0.002 -20"><span class='ocrx_word' id='word_1_113' title='bbox 157 2118 345 2169; x_wconf 90' lang='lat' dir='ltr'>melius</span> <span class='ocrx_word' id='word_1_114' title='bbox 372 2118 633 2168; x_wconf 85' lang='lat' dir='ltr'>constitui.</span> <span class='ocrx_word' id='word_1_115' title='bbox 681 2116 886 2167; x_wconf 77' lang='lat' dir='ltr'>Idcirco</span> <span class='ocrx_word' id='word_1_116' title='bbox 912 2119 1154 2185; x_wconf 88' lang='lat' dir='ltr'>precibus</span> <span class='ocrx_word' id='word_1_117' title='bbox 1181 2120 1264 2189; x_wconf 81' lang='lat' dir='ltr'>egi</span> <span class='ocrx_word' id='word_1_118' title='bbox 1292 2138 1414 2170; x_wconf 87' lang='lat' dir='ltr'>cum</span> <span class='ocrx_word' id='word_1_119' title='bbox 1438 2120 1569 2171; x_wconf 77' lang='lat' dir='ltr'>Viro</span> <span class='ocrx_word' id='word_1_120' title='bbox 1596 2122 1749 2171; x_wconf 89' lang='lat' dir='ltr'>beato</span> <span class='ocrx_word' id='word_1_121' title='bbox 1772 2123 1861 2189; x_wconf 90' lang='lat' dir='ltr'>qui</span> <span class='ocrx_word' id='word_1_122' title='bbox 1889 2122 2096 2174; x_wconf 87' lang='lat' dir='ltr'>thesau-</span> 
     </span>
     <span class='ocr_line' id='line_1_17' title="bbox 156 2206 2094 2280; baseline 0.003 -22"><span class='ocrx_word' id='word_1_123' title='bbox 156 2226 274 2259; x_wconf 90' lang='lat' dir='ltr'>rum</span> <span class='ocrx_word' id='word_1_124' title='bbox 308 2226 431 2258; x_wconf 89' lang='lat' dir='ltr'>eum</span> <span class='ocrx_word' id='word_1_125' title='bbox 462 2207 576 2277; x_wconf 86' lang='lat' dir='ltr'>jam</span> <span class='ocrx_word' id='word_1_126' title='bbox 614 2207 855 2275; x_wconf 80' lang='lat' dir='ltr'>possidet,</span> <span class='ocrx_word' id='word_1_127' title='bbox 885 2216 945 2257; x_wconf 90' lang='lat' dir='ltr'>ut</span> <span class='ocrx_word' id='word_1_128' title='bbox 980 2206 1161 2258; x_wconf 84' lang='lat' dir='ltr'>Codex</span> <span class='ocrx_word' id='word_1_129' title='bbox 1197 2209 1282 2259; x_wconf 91' lang='lat' dir='ltr'>ille</span> <span class='ocrx_word' id='word_1_130' title='bbox 1308 2210 1633 2261; x_wconf 79' lang='lat' dir='ltr'>evolvendus</span> <span class='ocrx_word' id='word_1_131' title='bbox 1662 2212 1793 2262; x_wconf 89' lang='lat' dir='ltr'>mihi</span> <span class='ocrx_word' id='word_1_132' title='bbox 1819 2213 2094 2280; x_wconf 88' lang='lat' dir='ltr'>permitte-</span> 
     </span>
    </p>
   </div>
   <div class='ocr_carea' id='block_1_5' title="bbox 87 169 132 3154">
    <p class='ocr_par' dir='ltr' id='par_1_5' title="bbox 87 169 132 3154">
     <span class='ocr_line' id='line_1_18' title="bbox 87 169 132 3154; baseline 0 0"><span class='ocrx_word' id='word_1_133' title='bbox 87 169 132 3154; x_wconf 95' lang='lat' dir='ltr'>     </span> 
     </span>
    </p>
   </div>
   <div class='ocr_carea' id='block_1_6' title="bbox 112 2254 2093 2368">
    <p class='ocr_par' dir='ltr' id='par_1_6' title="bbox 112 2254 2093 2368">
     <span class='ocr_line' id='line_1_19' title="bbox 112 2254 115 2278; baseline 0 0"><span class='ocrx_word' id='word_1_134' title='bbox 112 2254 115 2278; x_wconf 65' lang='lat' dir='ltr'>l</span> 
     </span>
     <span class='ocr_line' id='line_1_20' title="bbox 112 2281 2093 2368; baseline 0.003 -21"><span class='ocrx_word' id='word_1_135' title='bbox 112 2281 116 2361; x_wconf 66' lang='grc' dir='ltr'><strong>ἶ</strong></span> <span class='ocrx_word' id='word_1_136' title='bbox 156 2308 316 2348; x_wconf 87' lang='lat' dir='ltr'>retur.</span> <span class='ocrx_word' id='word_1_137' title='bbox 397 2297 495 2347; x_wconf 85' lang='lat' dir='ltr'>Sed</span> <span class='ocrx_word' id='word_1_138' title='bbox 525 2296 697 2347; x_wconf 86' lang='lat' dir='ltr'>nescio</span> <span class='ocrx_word' id='word_1_139' title='bbox 725 2315 827 2365; x_wconf 90' lang='lat' dir='ltr'>qua</span> <span class='ocrx_word' id='word_1_140' title='bbox 855 2297 991 2348; x_wconf 85' lang='lat' dir='ltr'>mala</span> <span class='ocrx_word' id='word_1_141' title='bbox 1024 2315 1141 2348; x_wconf 90' lang='lat' dir='ltr'>mea</span> <span class='ocrx_word' id='word_1_142' title='bbox 1171 2297 1386 2350; x_wconf 84' lang='lat' dir='ltr'>fortuna</span> <span class='ocrx_word' id='word_1_143' title='bbox 1418 2318 1600 2368; x_wconf 87' lang='lat' dir='ltr'>preces</span> <span class='ocrx_word' id='word_1_144' title='bbox 1626 2300 1730 2351; x_wconf 82' lang='lat' dir='ltr'>illae</span> <span class='ocrx_word' id='word_1_145' title='bbox 1757 2302 1888 2352; x_wconf 90' lang='lat' dir='ltr'>mihi</span> <span class='ocrx_word' id='word_1_146' title='bbox 1916 2303 2093 2353; x_wconf 88' lang='lat' dir='ltr'>minus</span> 
     </span>
    </p>
   </div>
   <div class='ocr_carea' id='block_1_7' title="bbox 112 2368 2092 2817">
    <p class='ocr_par' dir='ltr' id='par_1_7' title="bbox 112 2368 521 2438">
     <span class='ocr_line' id='line_1_21' title="bbox 112 2368 521 2438; baseline 0.007 -4"><span class='ocrx_word' id='word_1_147' title='bbox 112 2368 115 2434; x_wconf 79' lang='lat' dir='ltr'>l</span> <span class='ocrx_word' id='word_1_148' title='bbox 157 2387 521 2438; x_wconf 78' lang='lat' dir='ltr'>succefi&#39;erunt.</span> 
     </span>
    </p>

    <p class='ocr_par' dir='ltr' id='par_1_8' title="bbox 153 2476 2092 2817">
     <span class='ocr_line' id='line_1_22' title="bbox 231 2476 2092 2549; baseline 0.002 -21"><span class='ocrx_word' id='word_1_149' title='bbox 231 2476 364 2528; x_wconf 72' lang='lat' dir='ltr'>Usus</span> <span class='ocrx_word' id='word_1_150' title='bbox 392 2477 503 2527; x_wconf 90' lang='lat' dir='ltr'>sum</span> <span class='ocrx_word' id='word_1_151' title='bbox 530 2485 708 2527; x_wconf 89' lang='lat' dir='ltr'>tamen</span> <span class='ocrx_word' id='word_1_152' title='bbox 731 2477 1014 2545; x_wconf 85' lang='lat' dir='ltr'>exemplari</span> <span class='ocrx_word' id='word_1_153' title='bbox 1045 2477 1288 2545; x_wconf 75' lang='lat' dir='ltr'>impresso</span> <span class='ocrx_word' id='word_1_154' title='bbox 1315 2498 1436 2530; x_wconf 90' lang='lat' dir='ltr'>cum</span> <span class='ocrx_word' id='word_1_155' title='bbox 1469 2482 1606 2531; x_wconf 90' lang='lat' dir='ltr'>notis</span> <span class='ocrx_word' id='word_1_156' title='bbox 1634 2480 1788 2531; x_wconf 81' lang='lat' dir='ltr'><strong>MSS.</strong></span> <span class='ocrx_word' id='word_1_157' title='bbox 1814 2482 1931 2532; x_wconf 88' lang='lat' dir='ltr'>casu</span> <span class='ocrx_word' id='word_1_158' title='bbox 1960 2501 2092 2549; x_wconf 89' lang='lat' dir='ltr'>quo-</span> 
     </span>
     <span class='ocr_line' id='line_1_23' title="bbox 155 2566 2091 2639; baseline 0.002 -21"><span class='ocrx_word' id='word_1_159' title='bbox 155 2569 274 2618; x_wconf 89' lang='lat' dir='ltr'>dam</span> <span class='ocrx_word' id='word_1_160' title='bbox 310 2567 373 2617; x_wconf 90' lang='lat' dir='ltr'>ad</span> <span class='ocrx_word' id='word_1_161' title='bbox 410 2583 596 2616; x_wconf 86' lang='lat' dir='ltr'>manus</span> <span class='ocrx_word' id='word_1_162' title='bbox 623 2566 814 2626; x_wconf 89' lang='lat' dir='ltr'>delatO,</span> <span class='ocrx_word' id='word_1_163' title='bbox 843 2567 985 2634; x_wconf 89' lang='lat' dir='ltr'>quod</span> <span class='ocrx_word' id='word_1_164' title='bbox 1013 2567 1137 2617; x_wconf 90' lang='lat' dir='ltr'>olim</span> <span class='ocrx_word' id='word_1_165' title='bbox 1167 2568 1340 2619; x_wconf 72' lang='lat' dir='ltr'>fuifl‘et</span> <span class='ocrx_word' id='word_1_166' title='bbox 1368 2569 1611 2620; x_wconf 68' lang='lat' dir='ltr'>Gssoncu</span> <span class='ocrx_word' id='word_1_167' title='bbox 1642 2570 1832 2631; x_wconf 46' lang='lat' dir='ltr'>Susa,</span> <span class='ocrx_word' id='word_1_168' title='bbox 1862 2572 1913 2621; x_wconf 91' lang='lat' dir='ltr'>id</span> <span class='ocrx_word' id='word_1_169' title='bbox 1950 2573 2091 2639; x_wconf 87' lang='lat' dir='ltr'>quod</span> 
     </span>
     <span class='ocr_line' id='line_1_24' title="bbox 153 2655 2089 2725; baseline 0.002 -18"><span class='ocrx_word' id='word_1_170' title='bbox 153 2657 492 2707; x_wconf 83' lang='lat' dir='ltr'>similitudine</span> <span class='ocrx_word' id='word_1_171' title='bbox 530 2655 797 2723; x_wconf 75' lang='lat' dir='ltr'>scripturae</span> <span class='ocrx_word' id='word_1_172' title='bbox 839 2657 1193 2725; x_wconf 83' lang='lat' dir='ltr'>deprehendi:</span> <span class='ocrx_word' id='word_1_173' title='bbox 1244 2658 1404 2709; x_wconf 86' lang='lat' dir='ltr'>habet</span> <span class='ocrx_word' id='word_1_174' title='bbox 1441 2660 1583 2710; x_wconf 90' lang='lat' dir='ltr'>enim</span> <span class='ocrx_word' id='word_1_175' title='bbox 1625 2669 1774 2710; x_wconf 88' lang='lat' dir='ltr'>notas</span> <span class='ocrx_word' id='word_1_176' title='bbox 1809 2661 2089 2711; x_wconf 87' lang='lat' dir='ltr'>nonnullas</span> 
     </span>
     <span class='ocr_line' id='line_1_25' title="bbox 155 2745 2088 2817; baseline 0.002 -20"><span class='ocrx_word' id='word_1_177' title='bbox 155 2747 380 2816; x_wconf 74' lang='lat' dir='ltr'>margini</span> <span class='ocrx_word' id='word_1_178' title='bbox 415 2745 716 2813; x_wconf 83' lang='lat' dir='ltr'>adscriptaS,</span> <span class='ocrx_word' id='word_1_179' title='bbox 744 2746 927 2796; x_wconf 80' lang='lat' dir='ltr'>breves</span> <span class='ocrx_word' id='word_1_180' title='bbox 963 2747 1177 2814; x_wconf 88' lang='lat' dir='ltr'>quidem</span> <span class='ocrx_word' id='word_1_181' title='bbox 1212 2756 1264 2797; x_wconf 90' lang='lat' dir='ltr'>et</span> <span class='ocrx_word' id='word_1_182' title='bbox 1299 2766 1456 2809; x_wconf 83' lang='lat' dir='ltr'>raras,</span> <span class='ocrx_word' id='word_1_183' title='bbox 1485 2767 1615 2817; x_wconf 88' lang='lat' dir='ltr'>quas</span> <span class='ocrx_word' id='word_1_184' title='bbox 1651 2758 1849 2810; x_wconf 87' lang='lat' dir='ltr'>tamen,</span> <span class='ocrx_word' id='word_1_185' title='bbox 1879 2767 1945 2800; x_wconf 91' lang='lat' dir='ltr'>ne</span> <span class='ocrx_word' id='word_1_186' title='bbox 1972 2768 2088 2800; x_wconf 91' lang='lat' dir='ltr'>om-</span> 
     </span>
    </p>
   </div>
   <div class='ocr_carea' id='block_1_8' title="bbox 159 2924 2085 3045">
    <p class='ocr_par' dir='ltr' id='par_1_9' title="bbox 159 2924 2085 3045">
     <span class='ocr_line' id='line_1_26' title="bbox 210 2924 2085 2973; baseline 0.003 -14"><span class='ocrx_word' id='word_1_187' title='bbox 210 2931 225 2947; x_wconf 78' lang='lat'>³</span> <span class='ocrx_word' id='word_1_188' title='bbox 254 2924 374 2973; x_wconf 86' lang='lat' dir='ltr'>Cujus</span> <span class='ocrx_word' id='word_1_189' title='bbox 401 2924 666 2973; x_wconf 76' lang='lat' dir='ltr'>prolegomena</span> <span class='ocrx_word' id='word_1_190' title='bbox 692 2925 738 2961; x_wconf 85' lang='lat' dir='ltr'>ad</span> <span class='ocrx_word' id='word_1_191' title='bbox 759 2925 971 2962; x_wconf 76' lang='lat' dir='ltr'>Versionem</span> <span class='ocrx_word' id='word_1_192' title='bbox 994 2927 1189 2968; x_wconf 79' lang='lat' dir='ltr'>Alcorani,</span> <span class='ocrx_word' id='word_1_193' title='bbox 1211 2933 1253 2962; x_wconf 84' lang='lat' dir='ltr'>ut</span> <span class='ocrx_word' id='word_1_194' title='bbox 1281 2927 1317 2963; x_wconf 85' lang='lat' dir='ltr'>id</span> <span class='ocrx_word' id='word_1_195' title='bbox 1345 2928 1463 2965; x_wconf 82' lang='lat' dir='ltr'>obiter</span> <span class='ocrx_word' id='word_1_196' title='bbox 1489 2934 1631 2970; x_wconf 76' lang='lat' dir='ltr'>notem,</span> <span class='ocrx_word' id='word_1_197' title='bbox 1653 2928 1737 2964; x_wconf 86' lang='lat' dir='ltr'>sunt</span> <span class='ocrx_word' id='word_1_198' title='bbox 1759 2927 1831 2964; x_wconf 73' lang='lat' dir='ltr'>fere</span> <span class='ocrx_word' id='word_1_199' title='bbox 1854 2934 1931 2964; x_wconf 71' lang='lat' dir='ltr'>tota</span> <span class='ocrx_word' id='word_1_200' title='bbox 1951 2941 1993 2964; x_wconf 85' lang='lat' dir='ltr'>ex</span> <span class='ocrx_word' id='word_1_201' title='bbox 2015 2930 2085 2965; x_wconf 91' lang='lat' dir='ltr'>hoc</span> 
     </span>
     <span class='ocr_line' id='line_1_27' title="bbox 159 2993 832 3045; baseline -0.001 -13"><span class='ocrx_word' id='word_1_202' title='bbox 159 2995 236 3045; x_wconf 84' lang='lat' dir='ltr'>ipso</span> <span class='ocrx_word' id='word_1_203' title='bbox 256 2995 348 3031; x_wconf 83' lang='lat' dir='ltr'>libro</span> <span class='ocrx_word' id='word_1_204' title='bbox 370 2994 603 3030; x_wconf 81' lang='lat' dir='ltr'>Pocockiano</span> <span class='ocrx_word' id='word_1_205' title='bbox 623 2993 832 3044; x_wconf 77' lang='lat' dir='ltr'>desumpta.</span> 
     </span>
    </p>
   </div>
   <div class='ocr_carea' id='block_1_9' title="bbox 2147 171 2172 1083">
    <p class='ocr_par' dir='ltr' id='par_1_10' title="bbox 2147 171 2172 1083">
     <span class='ocr_line' id='line_1_28' title="bbox 2147 197 2154 1083; textangle 90"><span class='ocrx_word' id='word_1_206' title='bbox 2147 197 2154 1083; x_wconf 48' lang='lat' dir='ltr'>*fflwv-ffi</span> 
     </span>
     <span class='ocr_line' id='line_1_29' title="bbox 2165 171 2172 1020; textangle 90"><span class='ocrx_word' id='word_1_207' title='bbox 2168 1008 2171 1020; x_wconf 43' lang='lat'><em>0</em></span> <span class='ocrx_word' id='word_1_208' title='bbox 2165 326 2172 1000; x_wconf 56' lang='grc' dir='ltr'>-...--....-..-,--.-----α--,-</span> <span class='ocrx_word' id='word_1_209' title='bbox 2167 304 2170 320; x_wconf 84' lang='grc'>.-</span> <span class='ocrx_word' id='word_1_210' title='bbox 2167 275 2170 298; x_wconf 75' lang='grc'><strong>-</strong></span> <span class='ocrx_word' id='word_1_211' title='bbox 2165 171 2171 256; x_wconf 72' lang='grc'><em>...-</em></span> 
     </span>
    </p>
   </div>
   <div class='ocr_carea' id='block_1_10' title="bbox 2148 1089 2154 1257">
    <p class='ocr_par' dir='ltr' id='par_1_11' title="bbox 2148 1089 2154 1257">
     <span class='ocr_line' id='line_1_30' title="bbox 2148 1089 2154 1257; baseline 0 2318"><span class='ocrx_word' id='word_1_212' title='bbox 2148 1089 2154 1257; x_wconf 95' lang='lat' dir='ltr'> </span> 
     </span>
    </p>
   </div>
   <div class='ocr_carea' id='block_1_11' title="bbox 2148 1260 2152 1291">
    <p class='ocr_par' dir='ltr' id='par_1_12' title="bbox 2148 1260 2152 1291">
     <span class='ocr_line' id='line_1_31' title="bbox 2148 1260 2152 1291; baseline 0 0"><span class='ocrx_word' id='word_1_213' title='bbox 2148 1260 2152 1291; x_wconf 73' lang='lat'><em>2</em></span> 
     </span>
    </p>
   </div>
   <div class='ocr_carea' id='block_1_12' title="bbox 2148 1295 2153 1426">
    <p class='ocr_par' dir='ltr' id='par_1_13' title="bbox 2148 1295 2153 1426">
     <span class='ocr_line' id='line_1_32' title="bbox 2148 1295 2153 1426; baseline 0 2149"><span class='ocrx_word' id='word_1_214' title='bbox 2148 1295 2153 1426; x_wconf 95' lang='lat' dir='ltr'> </span> 
     </span>
    </p>
   </div>
   <div class='ocr_carea' id='block_1_13' title="bbox 2147 1429 2153 1598">
    <p class='ocr_par' dir='ltr' id='par_1_14' title="bbox 2147 1429 2153 1598">
     <span class='ocr_line' id='line_1_33' title="bbox 2147 1429 2153 1598; baseline 0 0"><span class='ocrx_word' id='word_1_215' title='bbox 2147 1429 2153 1598; x_wconf 95' lang='lat' dir='ltr'> </span> 
     </span>
    </p>
   </div>
  </div>
 </body>
</html>
