2498 3575
330 317 371 358 iv
1038 308 1545 352 DEDICATIO.

328 483 421 532 pro
467 462 723 532 elegantia
768 462 859 512 ista
902 471 991 512 tua
1029 461 1302 530 juventuti
1345 459 1530 509 nostrae
1576 456 1994 515 commendares,
2038 455 2139 504 five
2183 472 2248 504 ex

327 567 622 618 Profess'oris
673 566 934 617 Cathedra
984 566 1214 634 antiquas
1266 563 1506 615 Historiae
1558 570 1907 612 monumenta
1957 559 2247 610 dmffiffime

327 673 639 740 exponendo
685 672 988 722 dilucidiora
1034 671 1246 721 faceres.
1325 667 1533 719 Interea
1578 666 1905 718 Bibliotheca
1944 664 2245 725 Bodleiana,

328 778 468 845 quod
496 777 744 826 reditibus
781 777 881 826 hoc
917 785 1155 844 tempore
1182 775 1385 825 fruatur
1410 783 1517 824 tam
1546 772 1752 840 amplis,
1779 772 2013 838 adeoque
2040 769 2245 837 conspi-

327 883 493 932 ciatur
531 881 693 949 copiis
734 881 786 930 in
828 881 973 930 omni
1013 897 1204 949 genere
1243 879 1409 929 indies
1448 876 1762 937 instructior,
1796 877 1849 926 id
1889 884 1980 925 tuo
2013 876 2084 925 est
2118 874 2243 925 olim

325 988 570 1038 effectum
600 986 830 1046 consiliO,
859 996 948 1036 tua
972 986 1316 1054 providentia.
1369 984 1644 1052 Postquam
1672 990 1848 1033 autem
1873 999 1938 1032 ex
1959 980 2245 1031 Academia

324 1093 607 1151 exccss'eris,
638 1092 691 1140 in
727 1090 858 1140 Foro
887 1091 1043 1141 talem
1083 1090 1228 1140 fuifl'e
1257 1090 1335 1140 Te
1371 1089 1687 1157 accepimus,
1715 1087 1924 1156 qualem
1953 1086 2105 1136 nobis
2129 1087 2244 1155 jam

324 1208 476 1249 antea
513 1197 857 1266 pollicebatur
892 1195 1119 1264 spectata
1153 1195 1353 1265 ingenii
1386 1195 1462 1245 vis
1499 1203 1552 1244 et
1592 1194 1784 1244 mentis
1819 1211 2062 1244 acumen.
2139 1190 2246 1241 Etfi

323 1322 446 1354 vero
471 1303 549 1353 Te
575 1303 735 1354 etiam
761 1301 1026 1352 absentem
1058 1311 1111 1351 et
1136 1301 1190 1350 in
1217 1300 1329 1350 aliis
1355 1299 1614 1350 versatum
1648 1298 1891 1368 negotiis,
1923 1297 2041 1348 satis
2071 1296 2246 1347 astric-

323 1420 437 1460 tum
465 1408 564 1459 efi'e
592 1407 742 1458 nobis
768 1407 946 1457 animo
972 1415 1024 1456 et
1050 1405 1416 1456 benevolentia
1448 1414 1536 1456 tua
1566 1404 1898 1462 confidimus,
1926 1412 2104 1453 tamen
2141 1420 2247 1470 quo

322 1515 528 1565 arcliori
564 1513 938 1564 necessitudine
973 1511 1320 1580 conjundtum
1355 1511 1687 1570 haberemus,
1722 1518 1775 1559 et
1810 1526 1876 1558 ne
1911 1509 2082 1558 noster
2115 1507 2244 1558 desi-

323 1638 471 1671 neres
504 1619 620 1680 efl'e,
647 1619 876 1670 deledms
913 1635 984 1678 eS‚
1013 1616 1261 1667 universis
1300 1615 1720 1684 conspirantibus
1747 1612 2020 1683 suffragiis,
2049 1613 2140 1681 qui
2166 1631 2245 1664 res

324 1727 517 1776 nostras
553 1725 607 1775 in
637 1724 844 1775 summo
883 1723 1043 1773 totius
1085 1721 1271 1772 Gentis
1311 1720 1537 1771 concilio
1575 1721 1678 1771 fide
1717 1728 1808 1770 tua
1846 1729 1898 1770 et
1936 1719 2246 1770 auctoritate

323 1831 642 1882 defenderes.

396 1935 591 1986 Merito
630 1936 806 2005 igitur,
839 1943 892 1985 et
923 1934 1060 2003 jure,
1096 1934 1163 1983 ad
1202 1942 1354 1983 tuum
1388 1931 1744 1984 Patrocinium
1784 1929 2024 1999 confugit
2059 1929 2248 1998 Operis

325 2040 639 2092 Pocockiani
666 2057 782 2108 quae
811 2057 952 2089 nunc
978 2038 1152 2107 prodit
1179 2037 1384 2098 Editio;
1413 2036 1821 2087 Commentariis
1847 2035 2000 2103 ipfius
2027 2035 2246 2104 copiofis

325 2156 378 2196 et
417 2145 719 2196 dotffiffimss
759 2144 1042 2204 illustrata3
1084 2142 1351 2210 Opusculo
1384 2143 1611 2212 eleganti
1652 2161 1682 2192 a
1728 2160 1890 2192 manu
1927 2141 2104 2191 Amici
2145 2140 2248 2190 mei

329 2251 630 2309 Parifienfis,
658 2250 724 2300 A.
754 2249 795 2300 I.
826 2249 1140 2299 SYLVESTRE
1168 2266 1237 2298 DE
1267 2248 1426 2306 SACY,
1454 2248 1639 2308 aucsta3
1685 2256 1738 2298 et
1771 2265 1893 2298 cura
1929 2263 2047 2296 mea
2081 2245 2247 2314 quali-

326 2374 536 2424 cunque
563 2355 775 2405 nitidior
801 2354 980 2405 saltem
1008 2363 1060 2404 et
1085 2353 1413 2404 emendatior
1438 2352 1591 2404 fafita.

1525 2561 1882 2613 JOSEPHUS
1919 2547 2196 2641 WHITE.

280 3160 284 3173 Ι
303 3167 1583 3176 ——-——-——.——.—-———————-.-
