2498 3575
257 273 262 280 ⁸
307 307 346 346 vi
917 303 1244 345 EDITORIS
1278 300 1637 343 PRAEFATIO.

306 472 433 520 nino
472 469 861 529 interciderent,
902 468 1086 538 dignas
1120 467 1357 538 judicavi
1402 485 1520 536 quae
1561 467 1616 517 in
1653 465 1958 518 Editionem
1999 466 2226 516 nostram

305 559 710 609 transferrentur
738 557 1099 628 (designantur
1124 557 1270 608 litera
1299 556 1350 607 S.
1379 554 1655 625 apposita).
1721 555 1952 625 Singulae
1979 555 2108 605 item
2134 572 2228 623 pa-

302 649 458 717 gina‘,
506 646 918 697 correctionibus
961 648 1027 697 ad
1073 664 1182 698 rem
1231 645 1668 715 typographicam
1716 644 2102 712 pertinentibus
2148 660 2230 693 re-

307 736 470 796 ferta‘,
500 754 606 803 prae
635 735 684 785 se
710 735 888 785 ferunt
914 734 1137 803 speciem
1171 735 1341 803 operis
1367 734 1513 802 prelo
1541 734 1795 784 destinati.
1842 732 2031 784 Virum
2053 740 2232 783 autem

307 826 455 875 istum
494 824 846 874 docliffimum
884 842 1034 874 novae
1073 823 1307 878 Editioni
1340 822 1558 891 hujusce
1590 822 1733 873 Libri
1759 822 2077 872 adornandae
2104 838 2230 889 ope-

308 932 415 964 ram
454 914 643 963 dedifl'e
680 914 880 963 constat
915 931 978 963 ex
1013 911 1452 962 commentariolo
1478 911 1608 979 ejus,
1637 912 1779 979 quod
1814 911 1867 960 in
1905 909 2232 960 Bibliotheca

309 1003 591 1053 Bodleiana
619 1003 754 1052 inter
788 1002 1009 1052 Chartas
1051 999 1417 1071 Gagnicranas
1450 1010 1610 1051 extat.
1678 999 1858 1068 Ipsum
1885 999 2142 1059 codicem,
2170 999 2234 1049 de
2267 1021 2270 1024 ⁴

305 1111 411 1160 quo
440 1092 642 1158 loquor,
669 1100 729 1140 ut
755 1099 928 1159 pateat
958 1090 1208 1149 Eruditis,
1233 1090 1348 1159 jam
1377 1089 1741 1158 reponendum
1766 1088 1943 1138 curavi
1969 1088 2023 1138 in
2049 1088 2234 1138 eadem

307 1181 649 1230 Bibliotheca.

381 1270 480 1320 Sed
508 1271 723 1320 unicum
744 1269 919 1337 operis
949 1269 1104 1318 nostri
1127 1277 1521 1328 ornamentum,
1544 1276 1596 1318 et
1621 1266 1838 1317 acceffio
1864 1265 2236 1333 pulcherrima,
2282 1325 2309 1339 ,Ι

306 1360 378 1409 est
418 1359 703 1427 Appendix
737 1377 764 1408 a
799 1358 928 1408 Viro
961 1357 1255 1408 Clariffimo
1297 1357 1612 1407 SYLVESTRE
1650 1375 1720 1406 DE
1749 1356 1917 1416 Simas,
1958 1354 2236 1415 Parifienfi,

308 1447 567 1507 confecta,
608 1456 660 1497 et
700 1447 1069 1497 humanissime
1111 1464 1322 1497 mecum
1363 1446 1772 1496 communicata.
1860 1444 1999 1495 Sistit
2037 1462 2099 1495 ea
2143 1444 2240 1495 tibi

309 1536 569 1604 Excerpta
603 1554 666 1586 ex
697 1544 843 1603 parte
870 1534 1162 1585 Annalium
1193 1534 1470 1586 Abulfedae
1505 1535 1702 1584 inedita
1727 1535 1792 1584 de
1817 1535 1971 1584 rebus
1997 1533 2237 1584 Arabum

310 1632 431 1675 ante
466 1624 920 1675 Mohammedem.
999 1623 1137 1674 Cum
1174 1624 1317 1674 enim
1355 1633 1559 1691 partem
1593 1623 1735 1673 illam
1762 1622 2086 1673 utiliffimam
2113 1640 2238 1693 cog-

312 1715 445 1775 nitu,
481 1724 537 1764 et
575 1732 603 1763 a
640 1713 901 1763 Pocockio
939 1712 994 1762 in
1033 1712 1189 1763 Notis
1229 1712 1330 1763 suis
1371 1713 1541 1763 multo
1575 1730 1698 1763 cum
1732 1712 1908 1762 fructu
1945 1711 2239 1773 tractatam,

313 1804 456 1854 nulla
484 1801 767 1870 'hucusque
813 1802 974 1853 editio
1022 1801 1303 1853 Abulfedae
1350 1811 1652 1870 proponat3
1703 1801 1985 1869 >particulas
2025 1809 2238 1853 tantum

313 1892 566 1961 decerpsit
588 1892 655 1942 A.
682 1891 1035 1942 Schultenfius
1059 1891 1111 1940 in
1139 1889 1371 1957 Hgstoricz
1402 1889 1616 1958 Imperii
1643 1888 1951 1961 vetegst'g'ffimz'
1972 1889 2240 1942 Jocktani-
2308 1924 2310 1927 -

314 1981 500 2032 darum
524 2002 539 2038 ;
582 1981 787 2031 illustris
814 1980 899 2030 ille
927 1980 1232 2040 Parisiensis,
1260 1998 1355 2048 pro
1381 1997 1561 2030 amore
1589 1998 1696 2047 quo
1729 1980 1801 2030 est
1833 1980 1887 2030 in
1920 1980 2014 2031 has
2049 1980 2241 2041 literas,

316 2087 452 2139 aegre
497 2069 668 2119 ferens
693 2087 824 2119 eam
868 2069 921 2118 in
966 2069 1198 2119 tenebris
1240 2069 1557 2129 delitescere,
1605 2068 1899 2119 EXCERPTA
1942 2069 2083 2130 inde,
2124 2088 2243 2137 quae

307 2160 505 2228 justum
542 2159 752 2226 aliquod
786 2158 1096 2226 opusculum
1128 2159 1193 2208 de
1225 2157 1453 2208 Historia
1477 2157 1717 2208 Arabum
1747 2158 2087 2229 Paganorum
2113 2177 2243 2210 con-

318 2249 552 2307 ficerent,
585 2265 614 2297 e
653 2247 806 2297 MSS.
842 2246 1098 2314 descripta
1131 2255 1185 2297 et
1217 2246 1403 2297 Latine
1436 2246 1700 2307 conversa,
1728 2247 1793 2297 ad
1828 2264 1914 2297 me
1946 2247 2243 2299 transmifit,

320 2336 442 2390 Quo
481 2335 697 2386 nomine
737 2335 989 2403 quicquid
1026 2336 1209 2404 gratiae
1248 2335 1333 2386 vel
1371 2335 1524 2404 pretii
1565 2336 1758 2388 chartis
1799 2336 1983 2387 nostris
2012 2338 2244 2399 accedat,

320 2426 367 2475 ei
394 2442 554 2475 omne
580 2425 766 2474 lubens
792 2432 1068 2491 acceptum
1093 2424 1278 2475 refero.

394 2514 480 2563 Ad
521 2513 716 2562 calcem
758 2511 874 2561 libri
910 2513 1070 2562 habes
1111 2512 1341 2564 Iudicem
1373 2531 1403 2564 a
1434 2531 1522 2564 me
1559 2514 1869 2565 conflatum.
1953 2515 2128 2583 Atque
2163 2515 2245 2566 in-

324 2602 475 2669 super
501 2599 746 2650 Pocockii
780 2599 1040 2668 Effigiem,
1063 2600 1213 2668 juxta
1241 2602 1472 2652 tabulam
1510 2603 1566 2653 in
1599 2602 1927 2653 Bibliotheca
1961 2603 2247 2655 Bodleiana

326 2689 571 2758 pensilem
600 2687 859 2750 excusam,
888 2688 938 2737 in
969 2688 1143 2739 fronte
1169 2691 1340 2757 operis
1366 2691 1641 2759 proposui;
1686 2700 1746 2741 ut
1781 2709 1848 2742 ne
1882 2692 1966 2742 cu'i
2002 2692 2246 2762 ignotum

327 2780 403 2839 sit,
445 2778 611 2845 qualis
648 2776 805 2825 fuerit
850 2776 1054 2826 vultum
1092 2788 1250 2844 atque
1289 2779 1393 2829 oris
1430 2779 1751 2831 lineamenta
1785 2780 1898 2842 Vir,
1939 2799 2099 2848 quem
2137 2800 2247 2850 prae

327 2868 579 2924 doch-ina,
621 2866 851 2934 ingeniO,
892 2874 1047 2933 atque
1086 2867 1249 2917 animi
1288 2868 1560 2920 sanctitate
1596 2870 1785 2938 posteri
1822 2888 2094 2939 nunquam
2136 2889 2245 2923 non

327 2956 618 3023 suspicient.

292 3156 600 3163 -—----
2305 3131 2312 3177 Ι
