2498 3575
789 279 1211 322 NOTAE.
1985 290 2086 344 157

166 463 287 514 dere
321 463 617 533 juberetur,
660 463 865 515 dicente
907 464 981 515 illi
1019 483 1140 536 rege
1180 476 1291 535 ι-..Αῗ
1331 461 1479 524 Theb,
1521 484 1548 515 e
1582 465 1699 515 loco
1733 465 1837 515 alto

172 560 388 630 (montis
428 560 624 611 scilicet
660 560 966 631 praecipitio,
1005 573 1062 612 ut
1100 561 1151 612 in
1190 560 1324 611 libro
1361 560 1609 628 Mezllar)
1645 562 1696 611 in
1734 578 1868 641 quoi

167 657 319 708 staret
355 656 605 718 defiliiffe,
642 676 699 708 ac
736 657 987 709 membris
1025 657 1211 709 misere
1241 655 1517 708 confractis
1547 657 1836 709 stoliditatis
1866 649 1869 707 l

168 753 268 805 suae
310 772 488 824 poenas
530 753 696 805 luiffe.
764 754 983 805 Miranti
1024 754 1150 825 regi,
1189 772 1249 804 ac
1291 754 1548 804 rationem
1588 752 1709 804 facti
1750 773 1835 805 ro-

168 850 331 921 ganti,
362 850 680 921 responsum,
711 850 852 902 idem
888 851 1065 902 sonare
1107 848 1237 902 ‘Ilbeb
1261 848 1490 901 Arabum
1527 849 1747 900 dialecto
1781 869 1839 901 ac

170 947 347 998 Salta:
390 947 644 1018 regeffiffe
685 967 812 1019 ergo
846 967 1025 1019 regem
1065 969 1247 1021 ssweff
1287 959 1468 1011 ὶ-,ῥὼχς
1500 961 1594 1020 ωρ
1632 947 1744 997 Noa
1780 946 1841 1016 est

168 1042 297 1094 nobis
333 1054 471 1094 notus
498 1042 791 1115 Arabg‘smzcs
828 1043 849 1094 i
884 1063 942 1105 ες
976 1080 1073 1118 fl>
1097 1020 1209 1119 jib
1255 1060 1358 1113 Λεὼ,
1397 1071 1456 1116 &0
1496 1020 1599 1114 Qi
1631 1042 1838 1113 Dlzafa-

169 1160 278 1192 rum
318 1138 612 1212 ingreditur,
661 1141 808 1212 (urbs
856 1160 914 1193 ea
960 1161 1148 1213 regum
1196 1140 1598 1212 Hamyareastam
1646 1139 1838 1207 sedes),

170 1236 563 1309 Hamyargssnum
594 1235 808 1308 addffcat
826 1264 841 1299 3
880 1257 998 1308 quae
1036 1237 1193 1289 verba
1232 1239 1285 1288 in
1321 1237 1660 1308 proverbium
1694 1236 1839 1288 abie-

171 1347 310 1395 runt,
340 1353 445 1405 quo
484 1347 731 1386 monetur
769 1336 884 1405 quis
924 1354 1109 1386 eorum
1146 1334 1334 1405 quibus
1363 1332 1646 1393 cohabitat,
1676 1334 1840 1384 mori-

132 1447 135 1468 *
172 1430 264 1482 bus
304 1430 352 1482 se
389 1431 802 1483 accommodare.
872 1432 1015 1483 Hinc
1058 1444 1237 1483 autern
1270 1431 1375 1502 (uti
1416 1429 1667 1499 diximus)
1701 1443 1842 1500 patet

172 1528 573 1599 Hamyareastum
625 1528 906 1580 dialectum
958 1528 1023 1579 ad
1075 1526 1394 1588 Hebraicam,
1443 1527 1526 1578 vel
1573 1526 1840 1598 Syriacam,

170 1624 269 1676 five
301 1622 632 1686 Chaldaicam,
668 1626 720 1676 in
758 1624 1084 1697 quibusdam,
1121 1626 1335 1697 propius
1373 1624 1637 1684 accedere,
1673 1624 1754 1695 (ut
1791 1636 1843 1675 et

51 1774 59 1823 ι
171 1722 305 1794 ipsos
344 1721 407 1773 ad
443 1722 772 1792 Judaismum
811 1722 1069 1775 inclinaffe
1107 1724 1159 1774 in
1193 1721 1538 1794 superioribus
1568 1720 1841 1790 vidimus),

51 1823 59 1900 fl
174 1831 304 1892 i-fss,
331 1820 474 1871 enim
500 1818 907 1891 Hamyareasibus
931 1819 1070 1872 idem
1098 1820 1241 1871 sonat
1268 1838 1328 1870 ac
1356 1817 1588 1870 Hebraeis
1613 1831 1715 1878 ζων
1747 1819 1838 1888 Sy-

51 1899 60 1999 l
173 1915 241 1966 ris
280 1928 332 1967 et
374 1914 619 1967 Chaldfeis
654 1917 753 1981 2571
792 1935 820 1967 a
859 1935 964 1987 quo
1005 1916 1055 1967 in
1097 1916 1412 1987 Imperativo
1441 1916 1519 1970 21]
1541 1913 1748 1986 st’dere:
1790 1927 1842 1965 at

52 2021 62 2111 ἱ
174 2013 445 2064 communi
481 2011 710 2064 Arabum
747 2013 968 2065 dialecto
1003 2014 1317 2065 contrariam
1352 2012 1512 2064 habet
1552 2013 1842 2071 notionem,

170 2108 399 2181 saltandi
439 2110 634 2162 scilicet
681 2111 765 2162 vel
801 2108 1097 2181 ficbstliendi.
1167 2112 1423 2162 Praeterea
1471 2110 1522 2160 in
1575 2110 1710 2180 regis
1759 2127 1841 2159 re-

175 2207 357 2279 sponso
385 2207 526 2278 quod
556 2229 734 2281 &⁴435ss
762 2208 908 2259 litera
935 2234 1014 2269 Q
1041 2207 1324 2268 claudatur,
1354 2206 1496 2278 quod
1523 2204 1719 2257 Arabes
1754 2224 1846 2276 per

53 2375 56 2379 .
176 2321 196 2361 ξ
225 2303 410 2356 efferre
439 2304 622 2363 solent,
649 2281 914 2375 ‘Syrismztm
942 2305 1102 2355 etiam
1131 2303 1304 2375 sapere
1335 2303 1557 2354 videtur.
1617 2304 1715 2353 Per
1742 2302 1842 2352 lin-

51 2394 56 2409 ’
177 2419 336 2472 guam
373 2413 549 2453 autem
587 2400 735 2452 istam
772 2401 921 2471 cujus
959 2400 1158 2472 peritiae
1191 2418 1400 2470 operam
1433 2398 1623 2450 dedisse
1654 2395 1848 2448 Arabes

52 2414 57 2567 i
177 2497 344 2549 afferit
379 2496 569 2549 author
605 2497 792 2558 noster,
833 2497 1113 2549 dialectum
1152 2497 1299 2549 istam
1329 2495 1721 2559 Korazsszitaram
1749 2494 1843 2545 de-

176 2593 408 2647 faecatarn
451 2607 503 2646 et
542 2594 756 2665 politam
799 2596 1060 2666 praecipue
1101 2594 1328 2665 intelligi
1370 2593 1542 2654 credo,
1584 2611 1702 2663 quae
1741 2610 1843 2661 qua

179 2692 375 2744 ratione
395 2693 593 2743 caeteris
617 2691 903 2762 elegantior
923 2691 1136 2743 evaserit
1152 2690 1392 2742 describit
1413 2686 1843 2761 Jallaloddz‘mcs*3
1923 2700 1945 2721 ³¹⁶
1967 2700 2011 2737 Jn
2031 2698 2139 2735 Mez-

181 2788 376 2840 scilicet
404 2788 546 2859 quod
583 2787 707 2839 dum
743 2788 926 2858 templi
952 2787 1185 2839 Affeccam'
1210 2787 1386 2839 aeditui
1413 2785 1592 2847 effent,
1621 2797 1673 2836 et
1700 2784 1843 2835 Ara-
1891 2756 1969 2800 har,
1988 2768 2019 2793 ς’
2037 2767 2062 2805 9
2069 2784 2076 2792 '

56 2860 61 2955 i
182 2884 272 2936 biae
307 2896 548 2936 centrum
590 2884 896 2946 incolerent,
937 2903 1042 2936 non
1079 2884 1247 2936 solum
1286 2904 1314 2936 a
1356 2884 1553 2935 caeteris
1599 2880 1843 2953 gentibus

58 2959 69 2997 ³¹
189 2985 436 3052 (quarum
471 2981 656 3033 vicinia
696 2993 748 3032 et
785 2981 1104 3033 commercio
1140 2981 1361 3033 aliarum
1400 2980 1634 3032 tribuum
1676 2978 1843 3029 sermo

185 3078 300 3128 vitii
333 3078 527 3149 aliquid
562 3077 916 3146 contraxerat)
950 3079 1254 3130 remotiores
1290 3077 1469 3138 effent,
1503 3076 1588 3128 sed
1624 3088 1675 3126 et
1712 3092 1843 3125 con-
