2498 3575
778 290 1195 334 NOTAE.

155 474 209 525 iis
240 493 343 525 non
371 473 468 525 effe
492 499 508 535 ς
550 474 780 526 sufficere
809 475 1061 545 fiquidem
1091 474 1389 527 Alcoranzcm
1408 499 1425 527 .·
1468 479 1551 529 vel
1579 479 1653 529 illi
1681 498 1810 530 con-

156 572 371 622 trarium
405 569 598 640 aliquid
625 572 909 632 continere,
939 584 1096 642 atque
1125 591 1187 623 eo
1216 575 1427 624 nomine
1462 576 1668 644 penitus
1708 576 1811 626 tol-

157 666 355 717 lendos.
423 667 482 716 In
513 665 714 726 balnea,
739 667 911 737 itaque
940 668 1297 730 comburendi,
1321 669 1457 738 jussu
1485 671 1811 741 imperatoris

158 762 431 823 distributi,
462 763 520 813 iis
547 761 902 814 calefaciendis
936 764 1049 835 post
1086 764 1325 816 semestre
1353 765 1567 816 demum
1594 767 1810 837 spatium

157 858 417 929 absumpti
462 859 610 910 sunt:
659 860 799 930 quod
842 861 1021 912 mirari
1067 861 1181 912 satis
1228 880 1331 912 non
1379 863 1571 932 poterit
1617 864 1705 933 qui
1748 882 1812 915 ex

159 955 387 1006 Historia
417 955 709 1006 Saracenica
743 956 998 1018 didicerit,
1029 956 1350 1008 Alexandria>
1374 972 1601 1028 quatuor
1628 958 1810 1010 balne-

157 1070 309 1103 orum
336 1053 497 1103 millia
525 1065 649 1104 tunc
679 1054 924 1124 temporis
951 1053 1115 1106 fuiffe.
1171 1054 1318 1106 Idem
1344 1053 1451 1106 fere
1481 1055 1733 1106 testantur
1760 1068 1810 1107 et

157 1167 271 1219 quae
311 1167 338 1200 e
377 1147 516 1199 Kadi
550 1147 679 1200 Saed
712 1149 870 1201 refert
908 1149 1116 1202 Author
1155 1150 1326 1203 noster
1362 1152 1414 1202 in
1460 1152 1565 1203 vita
1603 1151 1811 1223 septimi

159 1243 510 1313 Abbalidarztm
555 1245 767 1316 Chalffae
805 1246 1139 1307 Alilffamonis,
1183 1246 1262 1298 his
1307 1246 1414 1299 fere
1464 1248 1670 1309 verbis3
1713 1247 1813 1300 Sub

158 1340 290 1392 initio
316 1339 566 1412 Issamg'fmi
586 1360 675 1392 non
711 1341 820 1393 aliis
856 1341 1109 1394 incubuere
1124 1342 1304 1413 studiis
1329 1342 1523 1395 Arabes
1549 1363 1690 1415 quam
1716 1344 1811 1395 lin-

153 1457 268 1508 guae
294 1437 427 1508 ficae,
471 1448 517 1488 et
546 1435 684 1506 juris
714 1438 933 1510 peritiae,
969 1450 1166 1511 excepta
1204 1438 1452 1501 medicina,
1487 1441 1708 1511 gratiam
1747 1440 1821 1492 illi

158 1532 434 1584 conciliante
467 1533 751 1604 necfftate.
813 1537 991 1606 Atque
1031 1535 1119 1587 hic
1160 1555 1336 1587 rerum
1375 1536 1532 1588 status
1573 1550 1682 1588 erat
1721 1536 1813 1588 sub

159 1645 313 1704 ξυιυς
360 1630 442 1682 seu
493 1629 859 1682 Ommiadarum
902 1631 1113 1704 imperia.
1184 1633 1453 1684 Devolu-to
1494 1633 1705 1685 tandem
1750 1634 1813 1685 ad

160 1724 469 1790 Hastzemidas
506 1728 743 1799 imperio,
774 1728 1049 1799 pristinum
1085 1742 1324 1781 excutere
1362 1742 1637 1782 veternum
1664 1732 1810 1802 inge-

160 1824 262 1876 nia.
329 1825 533 1876 Primus
570 1838 743 1876 autem
776 1827 868 1896 qui
903 1827 1091 1877 artium
1129 1826 1446 1877 nobiliorum
1477 1824 1736 1878 fautorem
1763 1827 1811 1878 se

160 1921 399 1992 praebuit,
443 1920 542 1972 fuit
582 1941 765 1973 eorum
801 1922 980 1973 ordine
1028 1922 1279 1974 secundus
1315 1920 1435 1973 Abu
1477 1922 1679 1993 Jaaftzr
1711 1922 1811 1974 Al-

160 2017 384 2088 Mansor,
428 2018 514 2087 qui
559 2018 706 2089 legis,
749 2037 851 2088 qua
886 2018 1165 2080 excelluit,
1216 2020 1431 2090 peritiae,
1479 2017 1814 2090 philo-sophiae

160 2114 315 2166 etiam
340 2133 400 2165 ac
430 2116 688 2185 praecipue
717 2115 1044 2166 astronomiae
1071 2115 1296 2167 studium
1333 2115 1600 2185 adjunxit:
1645 2129 1697 2167 at
1725 2117 1814 2186 qui

159 2229 239 2262 eas
269 2211 332 2262 ad
359 2211 484 2262 illud
505 2211 643 2281 quod
670 2211 844 2282 postea
871 2213 1159 2284 attigerunt
1181 2210 1459 2284 fastigium,
1482 2212 1674 2273 evexit,
1696 2213 1812 2283 sep-

159 2308 315 2359 timus
342 2307 439 2359 fuit
468 2326 650 2359 eorum
678 2307 973 2359 AlMamon.
1042 2308 1136 2360 Ille
1175 2327 1354 2360 earum
1382 2308 1547 2359 studio
1576 2308 1813 2379 flagrans,

160 2404 500 2475 debitumque
530 2406 590 2455 iis
618 2403 874 2456 honorem
901 2403 1135 2456 deferens
1151 2408 1201 2465 ’κζ
1224 2418 1282 2456 ut
1308 2424 1391 2456 eas
1421 2405 1537 2456 loco
1564 2404 1653 2455 suo
1674 2423 1814 2475 quae-

161 2513 312 2562 reret,
348 2502 628 2572 praecipuos
666 2501 878 2552 Graeciae
911 2501 1181 2572 scriptores
1220 2521 1246 2553 e
1288 2502 1587 2572 principum
1623 2501 1813 2552 biblio-

160 2595 322 2648 thecis
368 2596 661 2668 legatorum
702 2596 973 2648 intercessu
1015 2610 1208 2658 erutos,
1244 2598 1470 2668 undique
1511 2616 1812 2669 conger-ere,

158 2693 378 2763 praemiis
415 2693 682 2764 propositis
723 2693 1025 2763 interpretes
1067 2694 1260 2764 peritos
1289 2694 1351 2745 ad
1387 2712 1473 2745 eos
1501 2695 1552 2744 in
1580 2694 1813 2764 linguam

159 2787 430 2840 Arabicam
451 2787 830 2840 transferendos
853 2789 1079 2850 allicere,
1103 2790 1226 2840 alios
1251 2790 1313 2841 ad
1334 2790 1540 2841 eosdem
1567 2791 1813 2861 legendos

159 2883 372 2946 hor-tari,
417 2885 522 2956 ipse
569 2885 842 2936 <melorum
882 2885 1312 2937 differtatIOnibus
1354 2886 1607 2948 interesse,
1650 2886 1811 2956 iisque

158 2979 356 3032 animos
402 2981 607 3041 addere,
656 2981 858 3032 nullum
901 2981 1126 3052 denique
1169 3001 1271 3033 non
1313 3001 1523 3033 movere
1564 2982 1808 3053 lapidem,

159 3094 262 3146 quo
288 3077 542 3147 quicquid
569 3089 678 3128 erat
705 3076 959 3129 bonarum
995 3078 1184 3129 artium
1218 3091 1564 3148 promoveret.
1647 3078 1812 3148 Digni

973 3153 1006 3189 Z
1038 3165 1058 3189 2

1961 311 2054 365 171
