2498 3575
1249 302 1756 345 EXCERPTA

687 480 955 547 multaque
980 479 1115 530 bella
1139 481 1304 550 gestit,
1333 489 1387 530 et
1411 480 1503 530 fibi
1533 480 1798 531 faventem
1825 481 2094 532 fortunam
2119 481 2323 532 habuit.

684 574 1027 643 Congregatis
1053 575 1117 624 ad
1152 592 1273 624 eum
1309 572 1603 634 Kodhaitis,
1631 574 1828 625 bellum
1855 592 1977 626 cum
2004 574 2122 642 ipfis
2148 575 2326 625 intulit

687 668 967 719 Gatfanitis
993 689 1003 719 :
1046 670 1193 737 cujus
1226 668 1377 720 causa
1411 670 1524 718 haec
1551 668 1668 730 fuit,
1696 669 1837 736 quod
1863 669 1955 719 filii
1980 668 2211 726 Nokaifi,
2232 668 2326 719 filii

692 763 880 821 Restm,
904 762 992 812 filii
1023 762 1255 822 Gatfani,
1283 764 1449 814 aedem
1479 762 1674 812 sacram
1701 762 2085 813 aedificaverant
2111 762 2328 813 delubro

691 857 947 907 Meccano
980 856 1217 916 similem,
1244 856 1458 924 ejusque
1493 874 1672 907 curam
1704 855 1804 906 suis
1837 856 2236 916 contribulibus,
2265 856 2328 907 fi-

691 952 767 1001 liis
810 951 1005 1001 Morrae
1040 950 1131 1000 filii
1170 950 1333 1011 Auni,
1365 951 1822 1001 demandaverant.
1902 949 2107 1004 Quibus
2141 950 2330 1001 auditis

569 1058 642 1133 cosle
693 1044 947 1094 Zohairus
975 1065 985 1094 :
1035 1052 1067 1071 “
1098 1046 1129 1077 ἕ
1150 1044 1245 1094 Per
1278 1043 1474 1105 Deum,
1510 1044 1700 1112 inquit,
1728 1043 1856 1094 illud
1885 1044 2190 1112 neutiquam
2221 1045 2330 1105 fiet,

693 1148 723 1165 ‘⁴
756 1156 851 1188 nec
877 1139 1046 1206 patiar
1082 1148 1139 1188 ut
1185 1138 1470 1189 Gatfanitae
1505 1139 1672 1189 aedem
1709 1137 1904 1189 sacram
1931 1138 2022 1189 fibi
2050 1138 2330 1190 habeant.”

693 1233 780 1283 Eis
815 1233 973 1301 igitur
1005 1232 1143 1282 bello
1175 1232 1336 1293 illato,
1365 1250 1429 1283 ex
1468 1242 1688 1300 utraque
1726 1242 1873 1301 parte
1911 1233 2098 1284 acriter
2127 1251 2333 1302 pugna-

693 1338 805 1378 tum
823 1329 916 1378 est:
945 1327 1111 1377 vi8oer
1130 1328 1342 1378 tandem
1365 1327 1620 1378 Zohairus
1643 1327 2031 1377 Gatfanitarum
2056 1327 2332 1377 delubrum

693 1422 956 1483 destruxit,
977 1440 1101 1490 opes
1128 1439 1311 1472 eorum
1339 1422 1496 1490 cepit,
1516 1439 1703 1471 uxores
1730 1430 1909 1472 tamen
1934 1420 2154 1471 restituit
2178 1441 2190 1473 z
2231 1439 2336 1489 qua

694 1517 960 1569 occafione
1001 1516 1176 1568 versus
1215 1517 1467 1585 quosdam
1513 1516 1660 1577 dixit,
1697 1534 1923 1584 quorum
1963 1533 1993 1566 e
2032 1533 2254 1566 numero
2293 1516 2335 1566 is

693 1612 764 1662 est
790 1633 801 1663 z

767 1709 868 1756 Nifi
903 1709 949 1756 in
984 1726 1065 1755 vos
1099 1708 1385 1772 indulgentia
1410 1707 1476 1754 ufi
1500 1706 1754 1764 fuissemus,
1781 1708 2054 1770 neutiquam
2079 1706 2240 1754 reverfi
2263 1706 2339 1754 fu-

841 1802 981 1847 iffetis
1005 1802 1063 1847 ad
1086 1801 1333 1864 virginem,
1359 1817 1467 1863 quae
1492 1800 1669 1863 pudore
1693 1800 1818 1864 quafi
1841 1809 1954 1846 nota
1990 1801 2338 1864 distinguitur†.

699 1895 954 1946 Zohairus
989 1896 1076 1946 ille
1106 1895 1387 1962 aliquando
1414 1895 1663 1945 convenit
1687 1894 1958 1946 Abraham
1985 1894 2338 1946 Aschramum

619 2035 634 2041 -
696 1990 1027 2057 AEthiopem,
1057 1988 1339 2040 Dominum
1371 1987 1657 2056 Elephanti
1687 1989 1906 2051 didzum,
1934 2008 1964 2040 a
1990 2008 2095 2058 quo
2121 1991 2338 2041 honori-

698 2085 795 2134 fice
840 2094 1084 2152 acceptus
1126 2084 1215 2144 est,
1258 2092 1311 2134 et
1346 2101 1454 2151 prae
1492 2083 1604 2134 aliis
1638 2083 1900 2135 Arabibus
1937 2086 2073 2135 bene
2111 2085 2338 2136 habitus.

703 2178 913 2228 Abraha
931 2177 1211 2245 imperium
1233 2177 1279 2227 ei
1299 2177 1487 2227 detulit
1503 2177 1654 2245 super
1671 2177 1901 2228 Becritas
1919 2188 1973 2229 et
1993 2178 2293 2248 Taglebitas
2311 2197 2340 2230 a

699 2271 929 2340 XVayelo
952 2271 1223 2322 oriundos:
1259 2271 1433 2339 eisque
1453 2270 1663 2340 praefuit
1691 2270 1965 2333 Zohairus,
1993 2273 2161 2324 donec
2186 2274 2251 2324 ab
2277 2291 2341 2324 eo

700 2367 999 2417 deficerent.
1071 2365 1197 2433 Ipfis
1224 2366 1384 2435 igitur
1407 2365 1605 2416 bellum
1632 2366 1827 2427 intulit,
1853 2375 1907 2417 et
1931 2384 2114 2417 eorum
2141 2368 2339 2418 caedem

702 2461 841 2511 fecit,
922 2459 1157 2510 Kainitas
1195 2477 1407 2527 quoque
1440 2460 1579 2510 bello
1616 2445 1877 2529 aggressus
1909 2461 1998 2522 est,
2024 2460 2342 2529 fueruntque

703 2554 793 2622 ipfi
820 2572 941 2604 cum
968 2553 1199 2621 utrisque
1225 2549 1374 2621 plura
1399 2554 1593 2621 praelia,
1621 2572 1848 2621 quorum
1887 2554 2068 2605 seriem
2102 2572 2343 2606 enarrare

704 2647 909 2717 longius
945 2647 1096 2698 foret.
1177 2647 1433 2697 Zohairus
1461 2657 1639 2697 tamen
1664 2648 1832 2700 vidior
1857 2648 2093 2700 disceffit.
2174 2649 2343 2700 Senex

705 2760 869 2808 quum
905 2741 1029 2791 efl'et
1065 2740 1250 2801 faustus,
1277 2741 1400 2791 vino
1421 2741 1638 2810 1argiter
1664 2742 1820 2792 nimis
1852 2751 2054 2811 potato,
2081 2743 2343 2794 extinaestus

704 2837 791 2887 est.
870 2835 950 2886 Ex
975 2836 1065 2896 eis,
1095 2836 1266 2903 inquit
1291 2835 1411 2886 Ebn
1437 2835 1643 2896 alathir,
1671 2837 1760 2904 qui
1789 2837 1951 2887 nimio
1976 2837 2102 2887 vino
2126 2837 2344 2888 extimffi

707 2929 842 2990 sunt,
870 2928 968 2979 fuit
1006 2929 1201 2979 Amrus
1242 2927 1551 2979 Kelthoumi
1589 2929 1725 2980 filius
1758 2929 2048 3000 Taglebita,
2076 2941 2129 2982 et
2159 2932 2342 2984 Abou-

707 3041 929 3085 amerus,
948 3023 1276 3092 cognomine
1301 3021 1767 3092 BIoZaib-alcfinna
1795 3025 1962 3075 dietus
1988 3024 2241 3077 Amerita.
