2498 3575
776 314 1195 358 NOTAE.

159 496 256 548 illis
293 517 409 568 quae
448 497 513 548 ab
551 496 696 566 ipfius
733 495 931 547 effed‘tis
968 508 1020 546 et
1056 493 1257 545 influxu
1286 494 1563 564 pendeant,
1594 494 1809 545 exaudi-

160 605 271 644 tum
308 593 355 644 se
395 594 456 644 iri
489 593 733 652 statuunt,
775 604 926 662 atque
964 591 1106 660 ipsius
1136 589 1393 641 beneficio
1422 603 1539 640 vota
1568 590 1652 640 sua
1679 607 1807 639 con-

160 689 438 740 secuturos.
505 688 707 738 Eodem
733 688 892 738 modo
920 705 1041 738 cum
1069 686 1267 737 caeteris
1297 685 1514 756 planetis
1543 687 1645 756 agi,
1685 703 1810 755 quos

158 784 395 836 dominos
428 796 480 834 et
519 784 640 835 deos
682 783 953 844 vocabant,
996 785 1175 834 Deum
1203 794 1376 832 autem
1405 800 1604 842 verum,
1636 780 1809 832 Domi-

157 898 269 930 num
288 877 594 930 dominorum.
638 881 816 949 Atque
846 879 912 930 ita
938 879 1001 929 ad
1027 877 1320 948 spiritualia,
1343 877 1428 928 seu
1456 876 1810 946 zbztellrgentias,

157 975 522 1027 mediatoribus
557 974 838 1026 utebantur
874 994 1054 1026 eorum
1075 973 1290 1043 sacella,
1329 973 1393 1024 ad
1430 974 1608 1024 Deum
1634 971 1809 1022 intelli-

153 1071 327 1142 gentiis
349 1071 712 1142 spiritualibus.
760 1072 841 1122 Ex
865 1071 1226 1142 praedictorum
1245 1068 1599 1120 observatione
1621 1080 1809 1129 3,qu

161 1165 424 1238 Telffmatcz
449 1167 777 1227 conficiendi,
810 1167 1085 1238 praestigias
1122 1167 1269 1226 item,
1304 1178 1460 1236 atque
1497 1166 1810 1217 incantatio-

158 1283 247 1315 nes
284 1262 580 1324 adhibendi,
624 1263 783 1334 sigilla
824 1276 876 1314 et
915 1263 1105 1334 figuras
1133 1261 1412 1322 conflandi,
1441 1262 1646 1332 aliaque
1675 1262 1808 1330 ejus-

158 1360 317 1420 modi,
358 1379 472 1430 quae
507 1360 569 1410 ad
608 1360 737 1410 mira
774 1359 1112 1430 perpetranda
1151 1358 1415 1409 stellarum
1447 1359 1498 1408 vi
1535 1376 1592 1409 ac
1620 1359 1810 1409 virtute

158 1457 326 1508 valere
379 1468 668 1516 autumant,
714 1454 1001 1506 fabricandi
1054 1455 1311 1506 rationem
1359 1454 1586 1505 tradunt.
1671 1454 1810 1505 Ean-

157 1554 278 1605 dem
317 1552 384 1604 ob
426 1552 629 1604 causam
671 1564 722 1603 et
760 1550 1191 1603 simulachrorum
1227 1551 1450 1602 cultores
1490 1549 1812 1611 fimulachra,

157 1669 271 1721 quae
296 1650 646 1702 mediatorum
674 1648 784 1699 vice
813 1648 947 1699 inter
974 1648 1101 1718 ipsos
1129 1661 1181 1699 et
1209 1647 1482 1717 spiritualia
1507 1645 1811 1717 fungantur,

155 1746 460 1798 conficiunt.
528 1747 642 1796 Imo
676 1763 760 1805 ne,
799 1756 856 1795 ut
890 1745 1004 1814 jam
1040 1744 1180 1804 dieti,
1220 1743 1414 1795 sacellis
1457 1743 1561 1794 istis
1603 1744 1684 1814 (ut
1716 1763 1810 1794 vo-

156 1843 301 1910 cant)
348 1843 677 1914 planetarum
715 1841 949 1892 contenti
984 1839 1161 1900 essent,
1200 1838 1333 1890 hanc
1370 1839 1623 1910 aflignant
1651 1840 1810 1890 ratio-

157 1958 297 1999 nem,
326 1938 464 2009 quod
491 1938 576 1988 illa
604 1938 734 2009 saepe
762 1937 825 1988 ab
852 1937 1037 1997 oculis,
1067 1938 1313 1987 continua
1348 1949 1487 1987 ortus
1523 1948 1575 1986 et
1604 1935 1811 1986 occasus

157 2035 522 2094 viciffitudine,
567 2033 809 2085 subdudhx
857 2033 1067 2093 lateant,
1115 2051 1240 2083 cum
1283 2032 1568 2083 mediatore
1616 2031 1814 2102 semper

92 2157 96 2165 ·
158 2131 338 2183 vifibili
364 2130 451 2182 fibi
478 2148 602 2200 opus
641 2130 717 2181 fit.
786 2127 1103 2180 Simulachra
1143 2147 1266 2200 ergo
1295 2127 1661 2188 substituenda,
1692 2129 1811 2197 qui-

158 2228 252 2279 bus
276 2228 622 2279 mediantibus
651 2226 713 2277 ad
734 2225 914 2277 sacella
942 2225 1191 2276 accedant
1219 2237 1276 2275 ut
1304 2224 1610 2275 sacellorum
1634 2242 1732 2294 ope
1752 2224 1816 2274 ad

158 2324 545 2395 intelligentiaS,
575 2323 1039 2393 intelligentiarum
1066 2321 1128 2372 ad
1156 2323 1336 2372 Deum
1363 2320 1681 2390 supremum.
1735 2320 1813 2370 Si-

159 2395 427 2471 mulachra
466 2419 641 2490 igitur,
676 2418 830 2487 juxta
868 2417 1093 2488 figuram
1134 2417 1410 2486 unicuique
1440 2434 1466 2467 e
1496 2415 1689 2485 septem
1717 2416 1813 2466 illis

158 2517 352 2568 sacellis
389 2515 669 2586 propriam,
708 2513 1002 2564 conflabant
1031 2533 1057 2565 e
1093 2513 1309 2564 metallo
1346 2512 1516 2563 eidem
1550 2512 1813 2581 peculiari,

163 2612 325 2685 (ferro
365 2624 505 2683 puta,
547 2622 782 2682 argeum,
813 2609 944 2676 Sec.)
1002 2609 1283 2660 observatis
1339 2608 1542 2678 insuper
1591 2608 1812 2667 dierum,

159 2708 427 2768 horarum,
475 2706 752 2778 graduum,
801 2706 1147 2765 minutorum,
1192 2705 1536 2774 aliarumque,
1579 2722 1704 2774 quas
1751 2704 1815 2754 ad

160 2804 384 2856 influxus
427 2803 758 2874 benigniores
795 2801 1074 2852 eliciendos
1113 2801 1284 2852 valere
1327 2813 1511 2871 putant
1553 2799 1813 2870 astrologi,

158 2899 660 2952 circumstantiarum
719 2898 1029 2957 momentis,
1084 2910 1136 2947 et
1193 2895 1434 2947 adhibitis
1495 2915 1608 2966 quae
1664 2908 1814 2946 antea

160 2996 382 3047 diximus
421 2995 618 3066 figillis,
658 2993 990 3053 indumentis,
1034 2992 1308 3053 suffitibus,
1349 2992 1684 3051 orationibus,
1729 2992 1810 3041 in-

159 3091 517 3150 cantamentis,
548 3092 649 3140 δῖε.
693 3089 757 3148 ei,
786 3089 931 3158 cujus
961 3088 1050 3140 fibi
1081 3088 1303 3159 gratiam
1330 3089 1606 3139 conciliare
1638 3087 1809 3137 stude-

1029 3174 1068 3211 U
1447 3168 1453 3175 .

1956 321 2053 373 145
