2498 3575
429 325 500 378 74
1252 297 1665 344 NOTAE.

648 489 800 559 igitur
827 485 1041 537 tristitiae
1066 503 1187 535 cum
1213 484 1261 534 ei
1287 493 1580 534 occurreret
1607 477 1841 549 Taiyenfis
1864 476 2095 547 quidam,
2122 494 2151 527 a
2175 493 2278 549 quo

615 629 617 636 .
648 582 867 652 benigne
905 579 1184 651 quondam,
1223 596 1345 628 cum
1382 588 1568 627 venatu
1602 573 1815 626 defessus
1851 585 1903 624 et
1936 591 1965 623 a
1987 570 2279 643 {comitibus

615 677 869 742 ,divulsus
916 677 967 726 in
1012 674 1161 745 ipsius
1201 673 1468 743 tugurium
1507 668 1774 729 incidisset,
1815 679 2058 737 exceptus
2095 665 2279 727 fuerat,

648 791 805 844 quem
835 789 925 821 nec
953 770 1210 821 dimittere
1234 767 1397 818 voluit
1424 778 1601 817 contra
1626 782 1828 816 morem
1854 763 1975 823 diei,
1998 781 2092 814 nec
2118 763 2280 815 inter-

615 848 620 945 Ξ
650 869 798 920 ficere
835 866 971 917 salvo
1003 863 1207 933 hospitii
1238 862 1355 930 jure
1401 860 1572 930 (cujus
1607 858 2028 910 observantiffimi
2052 853 2280 928 Arabes)

617 954 621 1010 Ξ
651 974 863 1034 poterat,
906 962 973 1010 ita
1013 959 1218 1027 utrique
1258 954 1666 1007 satisfaciendum
1703 954 1901 1025 putavit
1935 965 1992 1004 ut
2018 951 2283 1012 miserum,

618 1022 623 1146 Ξ
652 1059 774 1108 vade
815 1057 951 1115 dato,
992 1054 1100 1124 qui,
1129 1051 1217 1103 nisi
1251 1050 1358 1121 post
1384 1050 1607 1119 elapsum
1633 1067 1827 1100 annum
1854 1059 2007 1099 certae
2031 1046 2145 1098 neci
2169 1044 2284 1098 des-

620 1147 623 1207 ἶ
652 1155 834 1204 tinatus
864 1150 1067 1208 rediret,
1108 1147 1255 1217 ipfius
1283 1146 1394 1197 vice
1424 1157 1647 1196 mortem
1676 1143 1884 1203 subiret,
1925 1142 2124 1211 opibus,
2164 1142 2286 1212 qui-

619 1214 622 1259 ¹
654 1249 745 1298 bus
773 1245 983 1297 familiae
1009 1243 1081 1294 sui
1112 1243 1368 1311 jacturam
1397 1239 1771 1311 compensaret,
1800 1239 2022 1289 ditatum
2049 1236 2286 1288 remitte-

654 1355 748 1393 ret.
817 1340 1017 1390 Vadem
1051 1338 1098 1389 se
1136 1337 1274 1396 sistit,
1315 1335 1662 1387 misericordia
1698 1352 1819 1404 erga
1849 1333 2196 1404 peregrinum,
2236 1344 2289 1384 et

619 1415 713 1504 ¹{de
755 1455 873 1507 rege
914 1448 1020 1485 tam
1062 1434 1192 1484 bene
1235 1432 1501 1490 meritum,
1543 1442 1854 1490 commotUS,
1895 1448 1960 1481 ex
2004 1429 2289 1480 aulicorum

620 1510 625 1623 Ξ
654 1532 912 1603 praecipuis
940 1530 1170 1600 quidam.
1239 1528 1375 1578 Cum
1401 1524 1677 1577 advenisset
1704 1526 1861 1596 igitur
1886 1524 1993 1576 dies
2020 1523 2112 1595 qui
2145 1523 2292 1595 spatii

655 1627 872 1679 conceffi
917 1626 1128 1676 ultimus
1165 1635 1290 1682 erat,
1332 1640 1426 1673 nec
1468 1622 1594 1672 dum
1632 1619 1847 1672 rediisset
1888 1617 2140 1690 Taiyetfis,
2180 1637 2292 1680 rex,

657 1724 785 1775 servi
817 1734 983 1773 morte
1026 1719 1278 1788 hospitem
1314 1736 1417 1768 non
1456 1718 1618 1768 invito
1654 1716 2031 1787 redempturus,
2070 1714 2296 1766 aulicum

623 1781 627 1855 Ξ
657 1818 720 1869 ad
745 1830 969 1869 mortem
995 1815 1169 1885 poscit.
1222 1813 1477 1866 Nondum
1505 1811 1733 1883 elapsum
1760 1811 1857 1862 effe
1884 1823 2090 1881 tempus
2113 1835 2129 1872 ;
2156 1809 2297 1880 quod

623 1857 628 1940 Ξ
660 1931 761 1964 non
801 1912 891 1963 nifi
931 1910 1138 1982 vespera
1178 1908 1562 1961 terminandum
1600 1907 1740 1967 effet,
1781 1907 2050 1958 clamitant
2088 1907 2179 1976 qui
2203 1905 2295 1957 ad-

624 1943 630 2150 Ξ
659 2009 808 2067 stant,
848 2006 1034 2057 debere
1061 2005 1224 2056 adhuc
1251 2005 1513 2075 expectari
1542 2001 1776 2073 TaiyeJfis
1800 2002 2100 2062 adventum,
2128 2002 2221 2072 qui
2245 2013 2299 2053 et

659 2103 780 2154 dum
818 2100 927 2152 haec
972 2113 1192 2171 aguntur
1236 2100 1461 2151 advenit.
1529 2099 1748 2150 Miranti
1784 2098 1893 2169 regi
1931 2098 2025 2149 viri
2061 2097 2298 2149 constan-

627 2164 632 2220 ἱ

629 2222 632 2259 2
662 2200 803 2257 tiam,
844 2198 937 2267 qui
976 2197 1023 2248 se
1063 2196 1238 2256 morti,
1281 2214 1438 2266 quam
1465 2194 1602 2246 vadis
1635 2194 1866 2265 periculo
1894 2193 2124 2264 effugere
2150 2206 2299 2264 pote·
2340 2241 2342 2243 .

630 2273 635 2387 Ξ
663 2306 755 2353 rat,
796 2292 1020 2343 libenter
1059 2290 1287 2350 offerret,
1329 2308 1388 2341 ac
1416 2290 1542 2361 quid
1567 2289 1717 2340 illum
1744 2288 1971 2360 promiffi
1999 2289 2126 2340 adeo
2153 2301 2299 2340 tena-

663 2406 777 2439 cem
806 2386 1015 2447 faceret,
1039 2399 1095 2437 ut
1123 2386 1165 2455 ej
1176 2404 1231 2437 us
1255 2385 1483 2437 servandi
1510 2386 1671 2456 gratia
1697 2385 1815 2436 vitae
1840 2385 2022 2436 alienae
2046 2384 2302 2454 majorem

664 2501 818 2552 quam
857 2482 957 2533 suae
990 2482 1245 2532 rationem
1279 2469 1492 2531 haberet
1532 2480 1754 2550 roganti,
1795 2480 2047 2550 respondit
2077 2480 2184 2540 ille,
2223 2480 2302 2531 Ita

665 2578 712 2628 se
740 2577 998 2648 religionis
1026 2594 1180 2647 quam
1200 2575 1525 2645 profiteretur
1545 2576 1813 2647 praeceptis
1841 2576 2099 2626 edoctum.
2141 2576 2302 2646 Qae-

667 2673 800 2724 renti
835 2672 1018 2731 rursus,
1056 2674 1314 2742 Qaenam
1350 2669 1471 2722 effet
1497 2671 1587 2722 ista
1613 2671 1832 2741 religi03
1874 2668 2180 2731 Christiana,
2220 2671 2303 2721 in-

668 2768 799 2838 quit.
856 2768 972 2818 Rex
1000 2786 1123 2837 ergo
1149 2785 1271 2818 cum
1295 2766 1414 2818 fidei
1441 2765 1740 2818 Christianae
1765 2765 2006 2836 dogmata
2029 2764 2118 2816 fibi
2143 2783 2304 2835 expo-

669 2863 722 2913 ni
747 2860 982 2931 petiiffet‚
1008 2881 1122 2913 eam
1148 2862 1411 2931 amplexus
1439 2879 1498 2913 ac
1528 2857 1743 2931 ‘Taiyeff
1764 2872 1816 2910 et
1842 2860 1969 2911 vade
1998 2861 2170 2912 vivere
2190 2859 2304 2929 jus-

670 2957 748 3018 fis,
790 2956 1081 3016 barbarum,
1123 2958 1208 3007 cui
1243 2956 1549 3017 insueverat,
1587 2974 1789 3007 morem
1826 2955 2025 3024 penitus
2059 2954 2305 3016 abolevit,

673 3069 876 3122 unaque
900 3069 1022 3103 cum
1048 3051 1155 3122 ipso
1181 3052 1234 3102 in
1253 3050 1490 3121 Chrssum
1507 3051 1848 3110 crediderunt,
1863 3064 2034 3128 &7242st
2056 3064 2206 3130 {iffa}
2225 3064 2308 3121 μὶ
