2498 3575
425 309 525 379 548
1232 312 1740 354 EXCERPTA

664 482 834 542 1·ium;
877 501 1105 550 cumque
1149 501 1228 533 res
1269 501 1332 533 eo
1375 483 1507 532 statu
1549 499 1642 550 per
1681 480 1754 531 sat
1792 481 2013 548 longum
2054 479 2306 547 temporis

663 575 884 644 spatium
931 577 1266 644 perdurasset,
1307 576 1490 627 solium
1539 575 1842 626 conscendit
1881 592 1909 624 e
1947 572 2191 623 Tasmitis
2227 573 2308 623 vir

662 671 873 737 quidam
903 671 1113 738 iniquus
1147 680 1201 721 et
1236 671 1515 730 violentus,
1544 670 1633 738 qui
1668 670 1810 719 hunc
1838 685 2039 718 morem
2068 667 2303 725 instituit,

327 770 329 780 ⁴
661 774 717 814 ut
753 783 816 815 ex
851 764 1113 834 Djadisltis
1149 766 1290 816 nulla
1323 765 1470 834 virgo
1503 765 1567 814 ad
1601 762 1846 831 sponsum
1874 762 1966 812 fibi
1993 762 2303 811 destinatum

661 860 1020 920 deduceretur,
1062 860 1188 927 quin
1230 860 1372 928 prius
1410 877 1524 909 eam
1567 876 1657 908 rex
1691 857 1798 926 ipse
1835 856 2068 906 violaret.
2148 854 2305 909 Quod

660 973 781 1004 cum
817 954 1120 1022 aliquandiu
1158 954 1455 1004 tolerafl'ent
1493 952 1778 1021 Djadisitae‚
1808 951 1909 1001 tale
1936 951 2148 1000 tandem
2177 949 2304 1000 faci-

661 1066 757 1098 nus
787 1049 1063 1118 indignati,
1084 1050 1136 1098 in
1164 1049 1267 1098 hoc
1294 1047 1564 1098 confilium
1595 1046 1868 1097 communi
1896 1043 2148 1095 consensu
2175 1062 2303 1095 con-

658 1151 934 1203 venerunt,
963 1152 1039 1203 ut,
1066 1143 1249 1212 gladiis
1277 1142 1368 1193 sub
1395 1160 1551 1192 arena
1585 1141 1826 1201 conditis,
1854 1157 2031 1209 regem
2060 1139 2303 1190 convivio

656 1237 982 1305 exciperent:
1020 1237 1110 1305 qui
1136 1238 1200 1288 ad
1231 1237 1534 1288 convivium
1560 1244 1775 1287 vocatus
1798 1235 1889 1285 ubi
1916 1234 2144 1295 advenit,
2166 1251 2301 1302 prae—

656 1332 822 1401 cipuis
844 1332 892 1382 T
893 1331 1196 1382 afinitarum
1220 1349 1342 1382 eum
1366 1331 1758 1388 comitantibus,
1776 1329 2062 1399 Djadifitae,
2085 1329 2302 1397 arreptis

654 1427 857 1496 gladiis,
895 1445 1070 1496 regem
1112 1427 1471 1496 majoremque
1508 1425 1557 1475 T
1558 1424 1858 1476 asinitarum
1901 1432 2103 1491 partem
2147 1441 2301 1473 neca-

655 1531 859 1572 verunt.
910 1521 1119 1572 Horum
1147 1522 1360 1589 quidam
1389 1539 1510 1571 cum
1538 1520 1663 1590 fuga
1689 1519 1739 1570 se
1765 1518 2043 1587 eripuiffet,
2067 1519 2132 1569 ad
2156 1517 2302 1568 Tob-

656 1617 813 1667 baum
842 1616 1096 1667 Yemanae
1133 1634 1309 1686 regem
1347 1614 1397 1666 se
1435 1615 1678 1675 contulit,
1706 1615 1797 1682 qui
1832 1623 1976 1674 tunc,
2003 1622 2062 1663 ut
2093 1612 2303 1681 quibus-

623 1696 627 1808 ἰ
657 1712 776 1761 dam
805 1711 994 1778 placet,
1024 1709 1262 1760 Hasanus
1289 1710 1426 1760 filius
1453 1709 1611 1760 Asadi
1647 1708 1764 1769 fuit,
1792 1716 1844 1758 et
1879 1709 1942 1758 de
1975 1725 2038 1758 eo
2072 1708 2215 1776 quod
2247 1707 2301 1758 in

622 1809 627 1920 ¹
656 1824 832 1875 regem
860 1805 1211 1856 Tasmitarum
1239 1823 1269 1855 a
1293 1803 1559 1873 Djadifitis
1582 1804 1791 1854 -fac'tum
1819 1803 1987 1853 fuerat
2014 1804 2153 1871 apud
2179 1820 2301 1853 eum

656 1901 982 1968 conquestus,
1010 1899 1263 1950 auxilium
1291 1900 1356 1950 ab
1384 1898 1493 1966 ipso
1520 1898 1787 1966 expetivit.
1868 1897 2055 1965 Itaque
2081 1898 2145 1948 ad
2170 1896 2300 1967 Dja-

320 2004 323 2025 ¹
367 2001 404 2036 P.
426 1999 516 2048 469·
656 1994 826 2045 difitas
861 1994 1127 2063 profetftus
1157 1995 1228 2044 est
1253 1993 1508 2044 Yemanae
1543 2011 1649 2053 rex,
1677 1992 1867 2060 eosque
1899 1994 2112 2042 adortus
2139 1992 2301 2043 inter-

657 2090 876 2140 necione
903 2090 1126 2140 delevit:
1169 2089 1242 2139 ita
1275 2097 1334 2138 ut
1369 2088 1482 2156 post
1517 2088 1632 2137 haec
1671 2087 1813 2138 nulla
1846 2086 2150 2138 remanserit
2173 2087 2300 2138 Tas—

658 2185 904 2235 mitarum
933 2194 985 2234 et
1011 2183 1382 2253 Djadifitarum
1411 2183 1682 2233 memoria.

730 2561 801 2611 Hi
847 2562 1033 2629 posteri
1072 2561 1192 2612 sunt
1229 2548 1462 2611 Kahtani
1501 2561 1594 2610 filii
1633 2559 1807 2621 Eberi,
1845 2560 1938 2610 filii
1980 2560 2170 2622 Salehi,
2209 2560 2303 2611 filii

657 2656 980 2723 Arphaxadi,
1011 2656 1102 2706 filii
1132 2656 1289 2730 Semi,
1317 2655 1411 2705 filii
1445 2655 1579 2705 Noae
1605 2676 1616 2705 :
1659 2655 1946 2722 omnesque
1985 2654 2059 2705 sui
2096 2656 2302 2725 generis

656 2759 891 2800 autorem
921 2751 1118 2800 habent
1143 2748 1499 2818 Djorbamum
1529 2748 1761 2799 Kahtani
1783 2750 1977 2799 filium:
2014 2748 2299 2818 Hidjazum

656 2843 974 2903 incolebant,
1003 2861 1232 2911 cumque
1265 2843 1599 2893 Abrahamus
1635 2844 1802 2894 filium
1840 2844 1989 2894 suum
2025 2843 2300 2896 Ismaelem

657 2937 857 2988 Meccae
887 2937 1182 2997 collocaret,
1210 2946 1271 2987 ut
1296 2955 1411 2988 eam
1443 2938 1712 2998 incoleret,
1741 2938 1795 2987 in
1823 2938 1978 3007 hujus
2003 2939 2147 2989 urbis
2172 2939 2300 2990 vici-

659 3033 755 3083 niis
790 3032 931 3082 sedes
968 3033 1236 3082 habebant
1270 3030 1637 3101 Djorhamitae.
1717 3030 1902 3099 Itaque
1933 3050 2055 3083 cum
2085 3032 2301 3084 Ismaele

1144 2394 1231 2445 De
1256 2391 1515 2445 Arccbibus
1540 2392 1813 2463 indigenis.
