2498 3575
672 289 779 330 EX
838 290 1373 334 ABULFEDA.

203 474 375 526 erunt,
400 484 695 535 magnaque
717 467 933 518 vidior&
959 469 1111 536 potiti
1140 468 1257 519 sunt
1279 469 1534 521 Ameritae
1556 479 1608 521 et
1630 470 1843 531 Abfitae,

203 559 268 608 de
294 577 398 626 qua
423 561 624 610 exstant
652 561 705 610 hi
733 560 905 611 versus
933 561 1193 630 Djorairi:

277 661 371 708 Die
402 662 550 708 Vallis
575 663 796 710 Lakitum
825 665 1127 727 reliquerunt,
1153 665 1278 729 quasi
1308 666 1428 712 veste
1459 683 1685 730 purpurea
1711 668 1847 714 indu-

350 761 450 799 tum
475 773 484 802 ε

276 851 539 915 Unumque
564 871 741 901 annum
769 856 815 901 in
843 856 970 920 Syria
991 856 1126 902 traxit
1147 856 1381 917 Hadjibus
1400 856 1700 918 compedibus
1719 858 1844 903 vinc-

349 952 451 991 tus:
489 962 696 1009 eumque
729 947 820 1010 ipse
850 950 1060 1011 captivus
1092 949 1219 1005 effet,
1248 948 1644 996 Dhoul-zinatum
1677 950 1844 996 ducem

348 1039 601 1086 constituit.

200 1130 416 1182 Plurimi
445 1152 657 1202 quoque
682 1135 1107 1196 Temimitarum‚
1131 1134 1613 1204 Dhobyanitarum,
1636 1145 1688 1187 et
1714 1136 1843 1187 Asa-

198 1225 424 1277 ditarum
454 1227 560 1279 Die
590 1228 740 1281 vallis
767 1227 1019 1298 Djahaloe
1045 1229 1195 1280 occisi
1224 1230 1375 1281 sunt:
1426 1230 1705 1298 multisque
1732 1249 1843 1282 car-

201 1321 430 1372 minibus
471 1322 794 1374 defieverunt
834 1323 1034 1375 Arabes
1068 1341 1156 1374 eos
1188 1324 1278 1391 qui
1311 1342 1376 1375 ex
1414 1325 1566 1375 variis
1607 1326 1844 1376 tribubus

198 1415 302 1466 hoc
334 1417 417 1467 die
454 1416 715 1469 interfeffi
748 1418 881 1470 sunt.
962 1418 1204 1479 Praelium
1241 1418 1539 1469 Rahrahani
1569 1438 1676 1470 uno
1703 1438 1844 1470 anno

197 1511 522 1579 praecefferat
550 1511 707 1563 Diem
731 1511 881 1563 vallis
911 1510 1164 1580 Djabaloe
1182 1532 1198 1562 .·
1241 1511 1371 1563 Dies
1397 1519 1567 1563 autem
1596 1511 1846 1581 Djabalae

197 1606 383 1656 eodem
412 1624 554 1656 anno
576 1606 771 1659 ¹accidit
801 1624 906 1674 quo
943 1615 1096 1656 natus
1129 1606 1201 1656 est
1235 1607 1506 1675 propheta.
1585 1606 1845 1659 Desinunt

196 1718 317 1768 quae
360 1701 635 1769 desumpta
681 1701 801 1751 sunt
839 1719 904 1752 ex
945 1701 1079 1751 libro
1118 1699 1243 1751 Akd
1278 1700 1435 1761 didio,
1474 1710 1655 1752 autore
1695 1701 1842 1754 Ebu.-

197 1795 588 1847 Abdi-rabbihi.

274 1890 405 1942 Dies
432 1889 732 1942 Dlzozc-lsar.
812 1890 932 1942 Hoc
966 1890 1227 1960 praelium,
1263 1889 1713 1960 quadragesimum
1748 1909 1842 1942 an-

199 2004 328 2037 num
353 1987 467 2056 jam
495 1995 685 2056 agente
713 1987 988 2055 propheta,
1017 1985 1347 2036 commissum
1375 1985 1446 2035 est
1468 2006 1479 2044 ;
1520 1984 1620 2045 vel,
1648 1993 1705 2035 ut
1731 1985 1842 2036 aliis

196 2081 385 2149 placet,
409 2099 473 2132 eo
499 2099 641 2132 anno
668 2099 773 2149 quo
799 2089 1033 2150 pugnata
1059 2081 1131 2130 est
1156 2098 1334 2150 pugna
1361 2079 1629 2131 Bedrenfis
1655 2080 1839 2149 prima.

195 2176 413 2229 Cosroes
465 2195 657 2245 nempe
708 2176 971 2227 Parwizus
1019 2175 1269 2227 Nomano
1316 2175 1563 2227 Mondari
1609 2176 1716 2227 filio
1759 2176 1840 2227 in-

194 2271 388 2333 fensuS‚
408 2290 530 2322 eum
560 2272 612 2322 in
639 2289 899 2323 carcerem
928 2269 1256 2340 conjecerat:
1296 2271 1347 2320 in
1378 2288 1483 2339 quo
1511 2278 1748 2322 mortuus
1771 2272 1842 2322 est

194 2366 489 2417 Nomanus.
568 2366 847 2417 Nomanus
879 2384 1003 2416 vero
1041 2363 1309 2416 Halltama
1349 2364 1492 2415 suam
1534 2365 1841 2434 deposuerat

193 2462 333 2529 apud
378 2460 616 2513 Hanium
664 2460 906 2511 Masoudi
948 2460 1115 2510 filium
1160 2458 1422 2509 Becritam
1448 2480 1458 2510 :
1512 2468 1621 2510 erat
1661 2470 1834 2511 autem

197 2555 379 2607 Hallta
404 2574 549 2607 arma
575 2565 628 2607 et
653 2555 844 2606 loricae.
914 2554 1057 2606 Mifit
1083 2554 1242 2624 igitur
1267 2553 1530 2604 Parwizus
1556 2571 1641 2604 eas
1667 2572 1746 2605 res
1772 2556 1836 2606 ab

249 2721 265 2738 ¹
295 2715 418 2754 Halka
439 2716 585 2766 proprie
605 2715 653 2751 est
674 2714 822 2751 annulus
838 2730 850 2750 .·
878 2714 942 2750 nifi
964 2714 1063 2764 apud
1085 2713 1320 2750 Nowairium
1343 2726 1491 2762 quoque
1512 2706 1624 2749 m>
1644 2714 1836 2764 legeretur,

192 2791 304 2835 iifl-s
345 2799 369 2835 i.
391 2811 422 2834 e.
457 2811 535 2847 quae
562 2795 612 2833 ad
637 2795 865 2832 haereditatcm
895 2795 963 2842 qjus
992 2793 1220 2845 pertinebant,
1254 2794 1564 2832 emendavifl'em:
1603 2794 1659 2832 sed
1693 2796 1838 2833 videtur

194 2874 307 2918 ER>
337 2895 407 2918 vox
444 2880 638 2930 peculiaris
668 2879 854 2916 Arabibus
881 2879 1103 2916 Hirensibus
1136 2878 1239 2915 fuiffe
1264 2893 1271 2915 :
1318 2879 1546 2928 temporibus
1577 2878 1835 2915 recentioribus

194 2958 306 3001 REX>
333 2964 425 3000 diffi
457 2962 539 2999 sunt
566 2961 686 2998 milites
711 2961 909 3011 praetoriani
938 2962 1002 3010 qui
1034 2962 1132 3011 apud
1161 2962 1333 2998 Sultauos
1359 2961 1648 3011 AEgyptiorum,
1674 2961 1834 3010 corporis

194 3047 365 3084 custodiae
386 3044 640 3083 inserviebant.
705 3036 819 3080 m>
839 3044 929 3093 legit
950 3044 1035 3133 coch.
1051 3044 1139 3080 Vat.

955 3109 976 3144 3
1056 3109 1075 3132 2
