2498 3575
337 1638 427 1676 *Et
445 1636 584 1729 ἱηλαῖιε-
629 1624 726 1675 five
773 1627 855 1694 (ut
894 1625 946 1675 in
981 1628 1011 1659 ἕ
1043 1625 1159 1675 MS.
1201 1622 1472 1675 Bodleianae
1508 1624 1741 1696 legitur),
1769 1623 1992 1693 Ὀροιτὲιλ,
2035 1623 2260 1676 Oratal?

309 1708 344 1730 ⁰
362 1693 474 1744 Οξοτξ
629 1719 820 1771 Libens
858 1719 1149 1770 DoCtiffimi
1176 1720 1288 1770 Viri
1324 1720 1455 1770 Sam.
1485 1719 1723 1771 Bochartz'
1748 1719 2007 1789 judicium
2038 1719 2260 1781 secutuS,

629 1827 685 1865 ut
711 1815 773 1865 de
802 1814 1050 1865 vocabulo
1077 1814 1215 1884 quod
1241 1816 1294 1866 in
1321 1814 1408 1866 usu
1434 1813 1532 1866 effe
1559 1815 1719 1875 defiit,
1746 1814 1929 1878 ἀπέχω.
1992 1814 2148 1885 Qod
2173 1815 2263 1867 nifi

628 1910 830 1960 audacis
871 1910 1092 1960 nimium
1131 1908 1252 1961 effet
1286 1910 1593 1980 conjedlmrae
1623 1929 1717 1981 pro
1744 1908 1966 1984 Οὐξοτᾶλ,
1994 1910 2093 1962 five
2120 1909 2261 1986 'Ogm-

628 2005 741 2065 τὲιλ,
770 2005 1064 2056 substituere
1090 2003 1331 2066 Ὀλοιτέιλ,
1365 2006 1448 2076 (ut
1472 2005 1631 2057 literae
1655 2018 1688 2055 λ
1716 2018 1767 2056 et
1790 2029 1810 2075 p
1836 2003 1984 2057 facile
2018 2023 2260 2057 commu-

630 2099 833 2169 tabiles)
866 2101 1039 2151 omnia
1077 2099 1185 2152 haec
1223 2100 1464 2170 expeditu
1503 2099 1661 2152 effent
1698 2099 1879 2152 facilia.
1947 2101 2088 2172 Qid
2122 2101 2263 2152 enim

628 2195 762 2245 aliud
801 2194 922 2246 effet
954 2193 1199 2256 Ὀλατέιλ,
1239 2214 1397 2265 quam
1425 2209 1522 2261 gt„
1551 2209 1618 2253 δὼς
1648 2195 1762 2247 Olla
1785 2195 1895 2246 taal
1931 2196 1991 2267 (fi
2032 2207 2089 2248 ut
2127 2214 2264 2248 nunc

629 2289 756 2340 olim
783 2290 1215 2360 pronunciabant)
1250 2292 1283 2342 i.
1307 2310 1355 2343 e.
1393 2292 1531 2342 Deus
1563 2290 1780 2362 exceffits,
1801 2291 2038 2361 summus,
2065 2291 2149 2342 vel
2163 2290 2263 2361 fic-

337 2392 421 2438 †In
443 2392 525 2428 MS
622 2396 848 2454 premas:
893 2387 977 2436 eui
1015 2386 1253 2455 adjun6³ta
1290 2405 1390 2437 vox
1420 2388 1465 2456 †
1493 2385 1710 2447 Ἀλιλοιτ,
1752 2387 1786 2437 i.
1817 2405 1863 2437 e.
1906 2399 2018 2457 {ems
2045 2385 2263 2447 Alilalza,

311 2446 411 2538 ’ἕξω
413 2445 561 2551 faiis
632 2480 751 2530 vel
740 2499 792 2530 in
819 2480 1000 2550 plurali
1027 2494 1237 2541 ῲωωῐ
1264 2465 1525 2532 Alilalzat
1514 2503 1547 2533 1.
1572 2500 1618 2533 e.
1649 2482 1775 2533 Dece
1805 2481 2111 2552 (quomod0‚
2139 2480 2264 2533 teste

305 2555 555 2649 {Yehzgttzcula
631 2573 1088 2635 AlFissrauzabadzo
1112 2588 1163 2627 et
1185 2576 1353 2637 Solem,
1373 2588 1424 2628 et
1446 2590 1568 2648 323„
1590 2575 1666 2627 Al
1677 2575 1818 2637 helal
1845 2578 1880 2627 i.
1902 2595 1950 2627 e.
1971 2576 2185 2636 Lunam,
2215 2588 2267 2627 et

1231 302 1278 345 N
1350 301 1394 346 O
1466 301 1643 350 TJAE.

622 494 740 534 cent
779 482 870 553 qui
906 482 1153 534 audierint
1192 461 1338 578 ἐξ
1295 510 1360 575 {⁹
1387 481 1574 533 Bacche
1599 481 1804 541 Bacche,
1843 479 1981 550 quod
2005 477 2151 548 plane
2178 477 2252 530 est

623 577 735 628 Ἐυοῖ
768 575 865 636 iudi,
905 577 987 628 vel
1024 576 1140 628 Ἐυοῖ
1173 571 1352 641 Βάκχε,
1392 577 1457 629 ab
1492 575 1740 629 Arabibus
1776 573 2095 647 ingeminari,
2133 591 2254 625 cum

624 691 734 725 rem
767 672 995 743 aliquam
1028 673 1262 725 laudibus
1302 672 1536 733 efferant,
1576 672 1659 724 vel
1696 669 2052 723 admirabundi
2078 667 2254 720 excla-

625 781 789 828 ment,
830 779 881 819 et
921 795 987 850 ἐκ...
1029 768 1224 819 Bacclza
1254 765 1505 838 grandem,
1544 785 1785 837 magnum,
1820 764 2119 837 praeclarum
2155 761 2255 835 ff»

625 863 866 914 denotare
880 887 896 923 3
937 875 994 914 ut
1022 875 1073 914 et
1099 861 1198 914 hoc
1225 862 1381 914 etiam
1407 858 1592 913 Bacchi
1613 880 1802 913 nomen
1829 861 1893 912 ab
1921 857 2169 911 Arabibus
2191 858 2257 910 ad

629 959 826 1009 Graecos
861 976 959 1009 una
997 975 1115 1009 cum
1155 958 1303 1029 ipfius
1342 958 1484 1009 cultu
1519 956 1857 1009 transmiffum
1884 955 2132 1015 videatur,
2167 954 2259 1026 qui

627 1066 799 1104 tamen
838 1053 943 1104 aliis
990 1052 1123 1123 apud
1167 1053 1298 1124 ipsos
1344 1051 1535 1104 Arabes
1571 1052 1866 1104 nominibus
1909 1052 2096 1112 notior,
2142 1051 2257 1121 Dy-

607 1148 744 1219 saris
787 1149 866 1218 (ut
893 1148 1166 1217 vidimus),
1205 1162 1255 1200 et
1287 1147 1553 1209 Ourotalti,
1582 1148 1664 1200 vel
1690 1148 1856 1218 potius
1887 1145 2116 1198 Ourotali
2137 1145 2257 1197 sub-

626 1244 726 1294 lata
755 1240 815 1294 T.
869 1240 1122 1314 Ὀνομοὶζὸσπ
1156 1236 1198 1293 δὲ
1225 1245 1291 1293 τὀν
1315 1235 1394 1309 μὲν
1419 1244 1610 1295 Διόνυσον
1643 1237 1854 1312 Οὐροπῖλ,
1887 1240 1953 1301 τὴν
1987 1234 2030 1293 δὲ
2063 1238 2261 1313 Οὐρανίην

627 1339 858 1392 Ἀλιλοίτε
900 1339 1142 1390 Bacchum
1180 1352 1231 1390 et
1264 1339 1497 1391 Uram'am
1531 1358 1653 1390 cum
1688 1339 1816 1390 solos
1851 1339 1971 1390 deos
1999 1336 2095 1389 effe
2122 1336 2259 1389 arbi-

629 1447 825 1486 trentur
866 1433 1072 1494 Arabes,
1113 1434 1355 1485 Bacchum
1393 1434 1633 1506 appellant
1673 1433 1886 1485 Oarotal
1933 1431 2167 1505 [Orotal]
2215 1443 2264 1484 et

635 1529 867 1581 Uran7'7a72
907 1529 1084 1589 Alzlat,
1132 1530 1300 1600 inquit
1345 1528 1629 1581 Herodotus.
1697 1529 1839 1600 Qid
1881 1547 2002 1581 vero
2044 1525 2261 1597 Οὑροπὶλ,

622 2684 711 2742 ,23
741 2668 956 2738 Naffmn
1002 2670 1082 2739 (ut
1119 2671 1254 2722 addit
1289 2671 1595 2742 Jauharius)
1639 2672 1841 2742 aliaque
1881 2671 2070 2741 quaevis
2110 2670 2265 2732 idola,

632 2765 764 2816 inter
791 2783 903 2834 quae
929 2779 1076 2826 le
1102 2765 1289 2826 Allatt,
1319 2779 1370 2817 et
1396 2767 1589 2837 reliqua
1615 2767 1878 2817 minorum
1904 2765 2138 2837 gentium
2164 2783 2264 2817 nu-

631 2859 788 2919 mina,
817 2859 1186 2930 appellabant),
1217 2861 1502 2913 universam
1522 2859 1747 2912 Arabum
1772 2858 2095 2912 Idololatriam
2121 2859 2264 2912 nobis

632 2953 699 3005 ob
738 2954 913 3005 oculos
953 2956 1097 3024 ponit
1135 2966 1187 3005 et
1215 2956 1486 3007 Pantheum
1524 2955 1725 3008 reserat.
1791 2955 2072 3006 Habebant
2108 2955 2263 3026 fiqui-
2293 2929 2297 2943 ’

631 3048 752 3100 dem
790 3047 985 3100 Ἀλιλάτ
1009 3048 1254 3110 Alilalzat,
1295 3048 1420 3111 deas,
1458 3052 1720 3103 minorum
1758 3051 1994 3122 gentium
2032 3051 2172 3111 deOS,
2213 3061 2284 3102 et*
