2498 3575
1229 317 1736 358 EXCERPTA

628 452 632 516 i
662 485 798 535 filius
822 484 1132 537 I‘Iomaisaus
1158 508 1168 538 :
1210 506 1274 538 ex
1303 488 1584 539 Homaisao
1610 498 1760 538 natus
1786 487 1984 538 Elisaus
2010 488 2178 538 filium
2207 488 2301 538 ha-

628 550 631 652 }
663 580 773 629 buit
801 579 1048 630 Ododum
1075 602 1086 631 :
1128 581 1345 633 Ododus
1380 593 1554 633 ortum
1591 583 1734 633 dedit
1766 581 1938 642 Oddo,
1967 582 2148 633 Oddus
2179 600 2302 632 vero

660 673 906 723 Adnano.
985 675 1117 724 Aliis
1157 676 1343 742 placet,
1379 677 1666 727 Adnanum
1703 686 1850 744 patre
1887 676 2077 727 Ododo
2118 686 2301 727 natum

660 767 823 817 fuifl'e.
902 768 1158 819 Adnanus
1185 770 1351 820 filium
1380 772 1563 821 habuit
1591 770 1845 821 Maadum
1872 792 1883 821 ε
1928 770 2122 821 Maado
2151 780 2303 822 natus

660 861 731 910 est
756 860 1007 921 Nezarus,
1029 872 1081 912 et
1109 864 1230 914 huic
1257 874 1481 931 quatuor
1508 866 1615 915 nati
1641 865 1760 916 sunt
1787 866 1897 925 filii,
1920 865 2212 916 Modharus
2238 867 2302 916 ad

661 974 819 1023 quem
862 957 1137 1008 deducitur
1174 959 1480 1029 genealogia
1520 959 1932 1019 Mohammedis,
1973 959 2178 1028 tresque
2216 960 2302 1010 alii

661 1050 783 1101 huic
821 1052 1141 1121 genealogiae
1181 1054 1371 1104 alieni:
1426 1072 1618 1122 nempe
1657 1053 1869 1123 Iyadus,
1910 1055 1999 1122 qui
2039 1054 2302 1105 Modharo

660 1149 827 1216 major
854 1157 980 1198 natu
1007 1148 1107 1198 fuit
1133 1169 1143 1199 :
1179 1150 1244 1200 ad
1269 1151 1380 1218 ejus
1410 1151 1634 1217 posteros
1661 1150 1927 1218 pertinent
1954 1167 2140 1200 omnes
2165 1136 2308 1200 Ara-A

659 1242 748 1291 bes
780 1259 810 1292 e
843 1260 1034 1311 genere
1061 1242 1255 1301 Maadi,
1284 1244 1373 1311 qui
1409 1243 1628 1312 Iyaditae
1662 1244 2010 1313 appellantur.
2088 1243 2300 1314 Iyadus,

659 1336 838 1387 relieto
866 1336 1107 1406 Hidjazo,
1136 1356 1258 1388 cum
1287 1339 1433 1388 omni
1463 1338 1662 1389 familia
1695 1338 1833 1388 Iraki
1866 1339 2104 1408 regiones
2129 1339 2298 1407 petiit.

658 1430 701 1481 E
729 1432 939 1499 posteris
968 1431 1116 1501 Iyadi
1143 1433 1262 1483 sunt
1288 1434 1492 1484 Caabus
1518 1433 1654 1484 filius
1681 1432 1878 1484 Mamae
1907 1432 1930 1483 I
1934 1433 2129 1502 yadita,
2153 1434 2301 1503 cujus

659 1526 935 1577 liberalitas
974 1527 1028 1577 in
1069 1528 1404 1595 proverbium
1444 1528 1589 1588 abiit,
1623 1536 1677 1578 et
1716 1526 1904 1578 Kofi'us
1942 1528 2079 1579 filius
2119 1527 2298 1579 Saadae

662 1620 881 1689 lyadita,
910 1624 1056 1691 cujus
1082 1622 1327 1673 facundia
1352 1623 1629 1690 proverbio
1657 1631 1832 1674 ortum
1859 1623 2018 1674 dedit.
2098 1622 2297 1674 Secun-

660 1717 754 1765 dus
780 1735 809 1767 e
836 1717 1000 1767 tribus
1028 1717 1125 1767 illis
1152 1718 1268 1767 filiis
1298 1717 1505 1778 Nezari,
1534 1735 1664 1785 quos
1693 1719 1851 1768 modo
1879 1717 2199 1778 dicebamus,
2226 1717 2300 1768 est

660 1810 838 1871 Rebia‚
867 1812 957 1879 qui
983 1812 1142 1880 vulgo
1170 1809 1590 1879 Rebiczt-alfizras
1616 1812 1785 1862 dietus
1811 1813 1900 1872 est,
1928 1812 2051 1879 quia
2083 1829 2112 1861 e
2146 1811 2299 1862 bonis

658 1906 816 1973 patris
844 1905 917 1956 sui
944 1924 1105 1974 equos
1121 1908 1242 1975 jure
1268 1907 1595 1957 haereditario
1622 1907 1805 1957 naetus
1831 1907 1918 1956 est.
1987 1904 2138 1957 Duos
2163 1906 2301 1957 filios

658 2000 840 2050 habuit
878 2000 1057 2060 Rebia,
1085 2000 1316 2051 Asadum
1354 2010 1408 2051 et
1442 1999 1761 2051 Dhobaiam.
1839 2000 2014 2051 Asado
2044 2001 2154 2051 nati
2179 2001 2299 2052 sunt

659 2092 900 2158 Djodaila
957 2104 1009 2145 et
1057 2094 1225 2146 Anza.
1326 2094 1570 2165 Djodaila
1619 2105 1795 2146 ortum
1853 2097 1997 2147 dedit
2045 2096 2296 2166 Wayelo‚

660 2190 797 2238 unde
834 2189 933 2239 orti
968 2188 1189 2240 Becritae
1228 2199 1281 2240 et
1319 2189 1627 2259 Taglebitae,
1655 2199 1812 2258 prout
1840 2193 1955 2260 jam
1994 2191 2192 2243 dietum
2226 2192 2299 2242 est

659 2283 710 2332 in
739 2284 910 2351 capite
935 2293 1138 2351 quarto,
1217 2284 1261 2334 E
1296 2284 1344 2334 T
1345 2286 1584 2354 aglebitis
1623 2285 1722 2336 fuit
1756 2285 2003 2337 Colaibus
2039 2304 2130 2337 rex
2160 2285 2297 2337 Wa-

657 2377 934 2444 yelitarum
963 2396 1120 2445 quem
1155 2380 1345 2430 occidit
1379 2379 1657 2448 Djaffasus,
1685 2381 1933 2450 cujusque
1960 2380 2131 2432 necati
2157 2398 2299 2433 mors

657 2471 886 2522 violenta
911 2472 1108 2523 bellum
1136 2474 1417 2524 concitavit
1444 2474 1581 2524 inter
1605 2475 1833 2542 posteros
1858 2474 2092 2544 Wayeli,
2120 2474 2297 2526 Becri-

660 2574 735 2615 tas
758 2583 949 2633 nempe
974 2576 1027 2617 et
1050 2567 1367 2636 Taglebitas,
1388 2569 1452 2619 de
1479 2587 1585 2637 quo
1606 2570 1764 2620 etiam
1793 2570 2020 2621 diximus
2046 2570 2102 2621 in
2128 2571 2299 2639 capite

658 2670 860 2726 quarto.
940 2660 1025 2711 Ad
1065 2661 1296 2713 Becritas
1335 2663 1600 2731 pertinent
1641 2663 2009 2725 Schaibanitae,
2043 2683 2073 2716 e
2107 2665 2298 2733 quibus

658 2753 757 2803 fuit
803 2753 984 2805 Morra
1027 2764 1080 2805 et
1123 2756 1260 2806 filius
1304 2757 1414 2826 ejus
1456 2755 1734 2827 Djaffasus,
1774 2776 1804 2808 a
1845 2777 1952 2827 quo
1990 2759 2299 2810 interfedtus

659 2846 936 2909 Colaibus3
980 2849 1105 2899 item
1138 2849 1328 2901 Tarafa
1352 2851 1495 2901 Abdi
1527 2852 1681 2912 filius,
1716 2861 1873 2920 poeta
1893 2873 1904 2914 ;
1948 2854 2052 2904 duo
2087 2872 2299 2923 quoque

658 2941 1022 3010 Moralslscfihz’
1056 2944 1196 3002 diffi,
1225 2945 1392 3014 major
1428 2954 1481 2995 et
1516 2946 1721 3006 min‘or;
1764 2964 1862 2997 nec
1901 2965 2011 2997 non
2049 2947 2143 2999 filii
2180 2947 2298 2999 Ho-

661 3036 831 3097 naffae,
859 3055 888 3087 e
915 3039 1103 3105 quibus
1130 3039 1230 3089 fuit
1256 3039 1565 3091 Mosailama
1591 3040 1856 3108 impostor.

318 3182 324 3184 .
331 3181 644 3188 -...——-
