<?xml version="1.0" encoding="UTF-8"?>
<!DOCTYPE html PUBLIC "-//W3C//DTD XHTML 1.0 Transitional//EN"
    "http://www.w3.org/TR/xhtml1/DTD/xhtml1-transitional.dtd">
<html xmlns="http://www.w3.org/1999/xhtml" xml:lang="en" lang="en">
 <head>
  <title>
</title>
<meta http-equiv="Content-Type" content="text/html;charset=utf-8" />
  <meta name='ocr-system' content='tesseract 3.04.00' />
  <meta name='ocr-capabilities' content='ocr_page ocr_carea ocr_par ocr_line ocrx_word'/>
</head>
<body>
  <div class='ocr_page' id='page_1' title='image "./specimenhistoria00pocouoft_0536.png"; bbox 0 0 2498 3575; ppageno 0'>
   <div class='ocr_carea' id='block_1_1' title="bbox 297 220 910 461">
    <p class='ocr_par' dir='ltr' id='par_1_1' title="bbox 297 220 910 461">
     <span class='ocr_line' id='line_1_1' title="bbox 297 220 910 461; baseline 0 3114"><span class='ocrx_word' id='word_1_1' title='bbox 297 220 910 461; x_wconf 95' lang='lat' dir='ltr'> </span> 
     </span>
    </p>
   </div>
   <div class='ocr_carea' id='block_1_2' title="bbox 332 1438 628 1808">
    <p class='ocr_par' dir='ltr' id='par_1_2' title="bbox 355 1438 627 1594">
     <span class='ocr_line' id='line_1_2' title="bbox 383 1438 626 1474; baseline -0.008 0"><span class='ocrx_word' id='word_1_2' title='bbox 383 1441 405 1462; x_wconf 46' lang='grc' dir='ltr'>’ὲ</span> <span class='ocrx_word' id='word_1_3' title='bbox 427 1438 501 1474; x_wconf 77' lang='lat' dir='ltr'>Hae</span> <span class='ocrx_word' id='word_1_4' title='bbox 521 1449 626 1473; x_wconf 84' lang='lat' dir='ltr'>voces</span> 
     </span>
     <span class='ocr_line' id='line_1_3' title="bbox 355 1491 625 1539; baseline -0.011 -11"><span class='ocrx_word' id='word_1_5' title='bbox 355 1493 398 1528; x_wconf 85' lang='lat' dir='ltr'>ad</span> <span class='ocrx_word' id='word_1_6' title='bbox 417 1491 625 1539; x_wconf 80' lang='lat' dir='ltr'>marginem</span> 
     </span>
     <span class='ocr_line' id='line_1_4' title="bbox 357 1545 627 1594; baseline -0.007 -13"><span class='ocrx_word' id='word_1_7' title='bbox 357 1545 499 1594; x_wconf 54' lang='lat' dir='ltr'>rejeciae</span> <span class='ocrx_word' id='word_1_8' title='bbox 510 1552 627 1585; x_wconf 80' lang='lat' dir='ltr'>erant,</span> 
     </span>
    </p>

    <p class='ocr_par' dir='ltr' id='par_1_3' title="bbox 332 1595 628 1808">
     <span class='ocr_line' id='line_1_5' title="bbox 332 1595 565 1635; baseline -0.009 0"><span class='ocrx_word' id='word_1_9' title='bbox 332 1595 336 1610; x_wconf 71' lang='lat'>&#39;</span> <span class='ocrx_word' id='word_1_10' title='bbox 356 1614 372 1635; x_wconf 85' lang='lat' dir='ltr'>e</span> <span class='ocrx_word' id='word_1_11' title='bbox 413 1599 474 1634; x_wconf 75' lang='lat' dir='ltr'>vix</span> <span class='ocrx_word' id='word_1_12' title='bbox 497 1598 565 1634; x_wconf 85' lang='lat' dir='ltr'>ali-</span> 
     </span>
     <span class='ocr_line' id='line_1_6' title="bbox 356 1653 604 1701; baseline -0.008 -13"><span class='ocrx_word' id='word_1_13' title='bbox 356 1653 454 1701; x_wconf 87' lang='lat' dir='ltr'>quod</span> <span class='ocrx_word' id='word_1_14' title='bbox 478 1664 604 1687; x_wconf 82' lang='lat' dir='ltr'>earum</span> 
     </span>
     <span class='ocr_line' id='line_1_7' title="bbox 357 1704 628 1754; baseline -0.004 -13"><span class='ocrx_word' id='word_1_15' title='bbox 357 1712 508 1754; x_wconf 77' lang='lat' dir='ltr'>apparet</span> <span class='ocrx_word' id='word_1_16' title='bbox 524 1704 628 1741; x_wconf 78' lang='lat' dir='ltr'>vesti-</span> 
     </span>
     <span class='ocr_line' id='line_1_8' title="bbox 357 1761 475 1808; baseline 0 -12"><span class='ocrx_word' id='word_1_17' title='bbox 357 1761 475 1808; x_wconf 84' lang='lat' dir='ltr'>gium.</span> 
     </span>
    </p>
   </div>
   <div class='ocr_carea' id='block_1_3' title="bbox 330 1611 339 1804">
    <p class='ocr_par' dir='ltr' id='par_1_4' title="bbox 330 1611 339 1804">
     <span class='ocr_line' id='line_1_9' title="bbox 330 1611 339 1804; baseline 0 0"><span class='ocrx_word' id='word_1_18' title='bbox 330 1611 339 1804; x_wconf 95' lang='lat' dir='ltr'> </span> 
     </span>
    </p>
   </div>
   <div class='ocr_carea' id='block_1_4' title="bbox 1228 312 1742 355">
    <p class='ocr_par' dir='ltr' id='par_1_5' title="bbox 1228 312 1742 355">
     <span class='ocr_line' id='line_1_10' title="bbox 1228 312 1742 355; baseline 0 -1"><span class='ocrx_word' id='word_1_19' title='bbox 1228 312 1742 355; x_wconf 88' lang='lat' dir='ltr'><strong>EXCERPTA</strong></span> 
     </span>
    </p>
   </div>
   <div class='ocr_carea' id='block_1_5' title="bbox 666 491 2329 2731">
    <p class='ocr_par' dir='ltr' id='par_1_6' title="bbox 666 491 2314 842">
     <span class='ocr_line' id='line_1_11' title="bbox 666 491 2308 560; baseline 0.001 -19"><span class='ocrx_word' id='word_1_20' title='bbox 666 509 827 560; x_wconf 75' lang='lat' dir='ltr'>regno</span> <span class='ocrx_word' id='word_1_21' title='bbox 861 492 1058 558; x_wconf 82' lang='lat' dir='ltr'>potitus</span> <span class='ocrx_word' id='word_1_22' title='bbox 1092 491 1234 550; x_wconf 78' lang='lat' dir='ltr'>ess&#39;et,</span> <span class='ocrx_word' id='word_1_23' title='bbox 1264 491 1565 558; x_wconf 80' lang='lat' dir='ltr'>supremum</span> <span class='ocrx_word' id='word_1_24' title='bbox 1598 492 1736 542; x_wconf 84' lang='lat' dir='ltr'>diem</span> <span class='ocrx_word' id='word_1_25' title='bbox 1766 492 1913 551; x_wconf 88' lang='lat' dir='ltr'>obiit,</span> <span class='ocrx_word' id='word_1_26' title='bbox 1942 491 2308 542; x_wconf 79' lang='lat' dir='ltr'>success&#39;orem-</span> 
     </span>
     <span class='ocr_line' id='line_1_12' title="bbox 666 584 2309 653; baseline 0 -18"><span class='ocrx_word' id='word_1_27' title='bbox 666 604 767 653; x_wconf 86' lang='lat' dir='ltr'>que</span> <span class='ocrx_word' id='word_1_28' title='bbox 807 586 991 635; x_wconf 78' lang='lat' dir='ltr'>habuit</span> <span class='ocrx_word' id='word_1_29' title='bbox 1032 585 1197 635; x_wconf 83' lang='lat' dir='ltr'>filium</span> <span class='ocrx_word' id='word_1_30' title='bbox 1240 585 1387 635; x_wconf 85' lang='lat' dir='ltr'>suum</span> <span class='ocrx_word' id='word_1_31' title='bbox 1436 584 1890 645; x_wconf 59' lang='lat' dir='ltr'>Anniahkaisum,</span> <span class='ocrx_word' id='word_1_32' title='bbox 1929 585 2098 635; x_wconf 83' lang='lat' dir='ltr'>filium</span> <span class='ocrx_word' id='word_1_33' title='bbox 2138 585 2309 646; x_wconf 87' lang='lat' dir='ltr'>Amri,</span> 
     </span>
     <span class='ocr_line' id='line_1_13' title="bbox 668 678 2314 747; baseline 0.001 -18"><span class='ocrx_word' id='word_1_34' title='bbox 668 680 758 730; x_wconf 86' lang='lat' dir='ltr'>filii</span> <span class='ocrx_word' id='word_1_35' title='bbox 791 680 932 739; x_wconf 81' lang='lat' dir='ltr'>Adii,</span> <span class='ocrx_word' id='word_1_36' title='bbox 974 680 1066 730; x_wconf 85' lang='lat' dir='ltr'>filii</span> <span class='ocrx_word' id='word_1_37' title='bbox 1097 679 1266 738; x_wconf 85' lang='lat' dir='ltr'>Nasri,</span> <span class='ocrx_word' id='word_1_38' title='bbox 1302 679 1394 730; x_wconf 91' lang='lat' dir='ltr'>filii</span> <span class='ocrx_word' id='word_1_39' title='bbox 1429 679 1605 729; x_wconf 81' lang='lat' dir='ltr'>Rebiae</span> <span class='ocrx_word' id='word_1_40' title='bbox 1641 678 1999 739; x_wconf 77' lang='lat' dir='ltr'>Lakhmitam,</span> <span class='ocrx_word' id='word_1_41' title='bbox 2033 679 2123 747; x_wconf 89' lang='lat' dir='ltr'>qui</span> <span class='ocrx_word' id='word_1_42' title='bbox 2163 679 2314 730; x_wconf 78' lang='lat' dir='ltr'>Beda</span> 
     </span>
     <span class='ocr_line' id='line_1_14' title="bbox 667 774 1330 842; baseline -0.002 -18"><span class='ocrx_word' id='word_1_43' title='bbox 667 776 697 825; x_wconf 91' lang='lat' dir='ltr'>i.</span> <span class='ocrx_word' id='word_1_44' title='bbox 723 793 767 824; x_wconf 82' lang='lat' dir='ltr'>e.</span> <span class='ocrx_word' id='word_1_45' title='bbox 798 775 1017 842; x_wconf 83' lang='lat' dir='ltr'>primus,</span> <span class='ocrx_word' id='word_1_46' title='bbox 1046 774 1214 825; x_wconf 59' lang='lat' dir='ltr'>dicius</span> <span class='ocrx_word' id='word_1_47' title='bbox 1243 775 1330 824; x_wconf 87' lang='lat' dir='ltr'>est.</span> 
     </span>
    </p>

    <p class='ocr_par' dir='ltr' id='par_1_7' title="bbox 667 866 2329 1769">
     <span class='ocr_line' id='line_1_15' title="bbox 740 866 2315 938; baseline -0.001 -20"><span class='ocrx_word' id='word_1_48' title='bbox 740 868 855 918; x_wconf 85' lang='lat' dir='ltr'>Post</span> <span class='ocrx_word' id='word_1_49' title='bbox 891 868 1328 918; x_wconf 78' lang='lat' dir='ltr'>Amrial—kaisum</span> <span class='ocrx_word' id='word_1_50' title='bbox 1368 868 1606 938; x_wconf 81' lang='lat' dir='ltr'>regnavit</span> <span class='ocrx_word' id='word_1_51' title='bbox 1644 868 1781 918; x_wconf 86' lang='lat' dir='ltr'>filius</span> <span class='ocrx_word' id='word_1_52' title='bbox 1822 868 1932 937; x_wconf 84' lang='lat' dir='ltr'>ejus</span> <span class='ocrx_word' id='word_1_53' title='bbox 1973 866 2190 927; x_wconf 82' lang='lat' dir='ltr'>Amrus,</span> <span class='ocrx_word' id='word_1_54' title='bbox 2223 867 2315 935; x_wconf 89' lang='lat' dir='ltr'>qui</span> 
     </span>
     <span class='ocr_line' id='line_1_16' title="bbox 667 960 2313 1031; baseline -0.001 -19"><span class='ocrx_word' id='word_1_55' title='bbox 667 979 874 1012; x_wconf 78' lang='lat' dir='ltr'>coaevus</span> <span class='ocrx_word' id='word_1_56' title='bbox 908 962 1009 1012; x_wconf 88' lang='lat' dir='ltr'>fuit</span> <span class='ocrx_word' id='word_1_57' title='bbox 1045 962 1251 1029; x_wconf 81' lang='lat' dir='ltr'>Saporis</span> <span class='ocrx_word' id='word_1_58' title='bbox 1290 961 1671 1013; x_wconf 70' lang='lat' dir='ltr'>Dhoul-aaestafi.</span> <span class='ocrx_word' id='word_1_59' title='bbox 1751 960 1892 1012; x_wconf 88' lang='lat' dir='ltr'>Huic</span> <span class='ocrx_word' id='word_1_60' title='bbox 1919 962 1972 1011; x_wconf 90' lang='lat' dir='ltr'>in</span> <span class='ocrx_word' id='word_1_61' title='bbox 2001 979 2164 1031; x_wconf 84' lang='lat' dir='ltr'>regno</span> <span class='ocrx_word' id='word_1_62' title='bbox 2199 961 2313 1011; x_wconf 87' lang='lat' dir='ltr'>suc-</span> 
     </span>
     <span class='ocr_line' id='line_1_17' title="bbox 667 1055 2316 1123; baseline -0.001 -17"><span class='ocrx_word' id='word_1_63' title='bbox 667 1057 810 1106; x_wconf 86' lang='lat' dir='ltr'>ceffit</span> <span class='ocrx_word' id='word_1_64' title='bbox 838 1055 1009 1106; x_wconf 89' lang='lat' dir='ltr'>Ausus</span> <span class='ocrx_word' id='word_1_65' title='bbox 1039 1055 1245 1106; x_wconf 78' lang='lat' dir='ltr'>Kalami</span> <span class='ocrx_word' id='word_1_66' title='bbox 1273 1056 1410 1106; x_wconf 84' lang='lat' dir='ltr'>filius</span> <span class='ocrx_word' id='word_1_67' title='bbox 1440 1056 1752 1116; x_wconf 82' lang='lat' dir='ltr'>Amalecita,</span> <span class='ocrx_word' id='word_1_68' title='bbox 1780 1065 1834 1106; x_wconf 91' lang='lat' dir='ltr'>et</span> <span class='ocrx_word' id='word_1_69' title='bbox 1865 1056 1976 1123; x_wconf 88' lang='lat' dir='ltr'>post</span> <span class='ocrx_word' id='word_1_70' title='bbox 2010 1056 2154 1106; x_wconf 85' lang='lat' dir='ltr'>hunc</span> <span class='ocrx_word' id='word_1_71' title='bbox 2187 1055 2316 1106; x_wconf 84' lang='lat' dir='ltr'>alius</span> 
     </span>
     <span class='ocr_line' id='line_1_18' title="bbox 669 1149 2318 1218; baseline 0 -18"><span class='ocrx_word' id='word_1_72' title='bbox 669 1150 882 1218; x_wconf 83' lang='lat' dir='ltr'>quidam</span> <span class='ocrx_word' id='word_1_73' title='bbox 910 1168 976 1200; x_wconf 86' lang='lat' dir='ltr'>ex</span> <span class='ocrx_word' id='word_1_74' title='bbox 1001 1150 1327 1200; x_wconf 80' lang='lat' dir='ltr'>AmalecitiS.</span> <span class='ocrx_word' id='word_1_75' title='bbox 1406 1149 1614 1200; x_wconf 84' lang='lat' dir='ltr'><strong>Deinde</strong></span> <span class='ocrx_word' id='word_1_76' title='bbox 1653 1151 1719 1200; x_wconf 82' lang='lat' dir='ltr'>ad</span> <span class='ocrx_word' id='word_1_77' title='bbox 1758 1150 1987 1217; x_wconf 87' lang='lat' dir='ltr'>posteros</span> <span class='ocrx_word' id='word_1_78' title='bbox 2024 1149 2197 1210; x_wconf 90' lang='lat' dir='ltr'>Amri,</span> <span class='ocrx_word' id='word_1_79' title='bbox 2224 1149 2318 1200; x_wconf 88' lang='lat' dir='ltr'>filii</span> 
     </span>
     <span class='ocr_line' id='line_1_19' title="bbox 669 1243 2318 1314; baseline -0.001 -19"><span class='ocrx_word' id='word_1_80' title='bbox 669 1245 812 1306; x_wconf 86' lang='lat' dir='ltr'>Adii,</span> <span class='ocrx_word' id='word_1_81' title='bbox 839 1245 933 1295; x_wconf 90' lang='lat' dir='ltr'>filii</span> <span class='ocrx_word' id='word_1_82' title='bbox 957 1244 1126 1304; x_wconf 85' lang='lat' dir='ltr'>Nasri,</span> <span class='ocrx_word' id='word_1_83' title='bbox 1154 1245 1248 1294; x_wconf 90' lang='lat' dir='ltr'>filii</span> <span class='ocrx_word' id='word_1_84' title='bbox 1278 1244 1454 1294; x_wconf 82' lang='lat' dir='ltr'>Rebiae</span> <span class='ocrx_word' id='word_1_85' title='bbox 1482 1243 1788 1295; x_wconf 78' lang='lat' dir='ltr'>Lakhmitas</span> <span class='ocrx_word' id='word_1_86' title='bbox 1815 1244 2077 1294; x_wconf 80' lang='lat' dir='ltr'>reversum</span> <span class='ocrx_word' id='word_1_87' title='bbox 2103 1245 2176 1295; x_wconf 85' lang='lat' dir='ltr'>est</span> <span class='ocrx_word' id='word_1_88' title='bbox 2201 1261 2318 1314; x_wconf 86' lang='lat' dir='ltr'>reg-</span> 
     </span>
     <span class='ocr_line' id='line_1_20' title="bbox 671 1338 2329 1407; baseline -0.001 -17"><span class='ocrx_word' id='word_1_89' title='bbox 671 1358 835 1400; x_wconf 77' lang='lat' dir='ltr'>num;</span> <span class='ocrx_word' id='word_1_90' title='bbox 878 1357 942 1389; x_wconf 86' lang='lat' dir='ltr'>ex</span> <span class='ocrx_word' id='word_1_91' title='bbox 981 1338 1155 1407; x_wconf 85' lang='lat' dir='ltr'>eisque</span> <span class='ocrx_word' id='word_1_92' title='bbox 1197 1338 1420 1406; x_wconf 85' lang='lat' dir='ltr'>imperio</span> <span class='ocrx_word' id='word_1_93' title='bbox 1459 1339 1658 1405; x_wconf 84' lang='lat' dir='ltr'>potitus</span> <span class='ocrx_word' id='word_1_94' title='bbox 1697 1339 1770 1388; x_wconf 89' lang='lat' dir='ltr'>est</span> <span class='ocrx_word' id='word_1_95' title='bbox 1814 1338 2218 1390; x_wconf 81' lang='lat' dir='ltr'>Amrial-kaisus</span> <span class='ocrx_word' id='word_1_96' title='bbox 2257 1356 2329 1403; x_wconf 12' lang='lat' dir='ltr'>ex*</span> 
     </span>
     <span class='ocr_line' id='line_1_21' title="bbox 672 1432 2321 1503; baseline -0.002 -16"><span class='ocrx_word' id='word_1_97' title='bbox 672 1436 791 1487; x_wconf 87' lang='lat' dir='ltr'>filiis</span> <span class='ocrx_word' id='word_1_98' title='bbox 824 1435 980 1486; x_wconf 91' lang='lat' dir='ltr'>Amri</span> <span class='ocrx_word' id='word_1_99' title='bbox 1000 1433 1132 1503; x_wconf 75' lang='lat' dir='ltr'>⁴[filii</span> <span class='ocrx_word' id='word_1_100' title='bbox 1164 1433 1519 1484; x_wconf 79' lang='lat' dir='ltr'>Amrial-kaifi</span> <span class='ocrx_word' id='word_1_101' title='bbox 1536 1432 1590 1502; x_wconf 67' lang='lat'>*]</span> <span class='ocrx_word' id='word_1_102' title='bbox 1623 1433 1686 1483; x_wconf 88' lang='lat' dir='ltr'>de</span> <span class='ocrx_word' id='word_1_103' title='bbox 1713 1451 1818 1500; x_wconf 93' lang='lat' dir='ltr'>quo</span> <span class='ocrx_word' id='word_1_104' title='bbox 1852 1433 2086 1501; x_wconf 85' lang='lat' dir='ltr'>superius</span> <span class='ocrx_word' id='word_1_105' title='bbox 2120 1432 2321 1484; x_wconf 59' lang='lat' dir='ltr'>dietum</span> 
     </span>
     <span class='ocr_line' id='line_1_22' title="bbox 673 1526 2322 1596; baseline -0.001 -16"><span class='ocrx_word' id='word_1_106' title='bbox 673 1531 761 1580; x_wconf 68' lang='lat' dir='ltr'>est„</span> <span class='ocrx_word' id='word_1_107' title='bbox 820 1528 1225 1580; x_wconf 78' lang='lat' dir='ltr'>Amrial-kaisus</span> <span class='ocrx_word' id='word_1_108' title='bbox 1252 1527 1338 1577; x_wconf 90' lang='lat' dir='ltr'>ille</span> <span class='ocrx_word' id='word_1_109' title='bbox 1364 1528 1518 1596; x_wconf 85' lang='lat' dir='ltr'>hujus</span> <span class='ocrx_word' id='word_1_110' title='bbox 1547 1527 1776 1577; x_wconf 87' lang='lat' dir='ltr'>nominis</span> <span class='ocrx_word' id='word_1_111' title='bbox 1804 1527 2078 1587; x_wconf 81' lang='lat' dir='ltr'>secundus,</span> <span class='ocrx_word' id='word_1_112' title='bbox 2100 1526 2322 1578; x_wconf 73' lang='lat' dir='ltr'><em>Mellar-</em></span> 
     </span>
     <span class='ocr_line' id='line_1_23' title="bbox 674 1621 2323 1692; baseline -0.002 -17"><span class='ocrx_word' id='word_1_113' title='bbox 674 1624 767 1675; x_wconf 60' lang='lat' dir='ltr'>reb-</span> <span class='ocrx_word' id='word_1_114' title='bbox 792 1625 824 1675; x_wconf 91' lang='lat' dir='ltr'>i.</span> <span class='ocrx_word' id='word_1_115' title='bbox 846 1642 890 1674; x_wconf 91' lang='lat' dir='ltr'>e.</span> <span class='ocrx_word' id='word_1_116' title='bbox 920 1621 1216 1690; x_wconf 72' lang='lat' dir='ltr'>combustor,</span> <span class='ocrx_word' id='word_1_117' title='bbox 1245 1639 1545 1691; x_wconf 83' lang='lat' dir='ltr'><strong>cognomen</strong></span> <span class='ocrx_word' id='word_1_118' title='bbox 1569 1622 1781 1682; x_wconf 75' lang='lat' dir='ltr'>habuit,</span> <span class='ocrx_word' id='word_1_119' title='bbox 1810 1622 1931 1689; x_wconf 81' lang='lat' dir='ltr'>quia</span> <span class='ocrx_word' id='word_1_120' title='bbox 1969 1622 2170 1690; x_wconf 89' lang='lat' dir='ltr'>primus</span> <span class='ocrx_word' id='word_1_121' title='bbox 2201 1621 2323 1692; x_wconf 86' lang='lat' dir='ltr'>igne</span> 
     </span>
     <span class='ocr_line' id='line_1_24' title="bbox 672 1718 1132 1769; baseline -0.004 0"><span class='ocrx_word' id='word_1_122' title='bbox 672 1720 726 1769; x_wconf 91' lang='lat' dir='ltr'>in</span> <span class='ocrx_word' id='word_1_123' title='bbox 755 1736 869 1769; x_wconf 87' lang='lat' dir='ltr'>reos</span> <span class='ocrx_word' id='word_1_124' title='bbox 890 1718 1014 1768; x_wconf 87' lang='lat' dir='ltr'>-usus</span> <span class='ocrx_word' id='word_1_125' title='bbox 1044 1718 1132 1767; x_wconf 84' lang='lat' dir='ltr'>est.</span> 
     </span>
    </p>

    <p class='ocr_par' dir='ltr' id='par_1_8' title="bbox 677 1811 2328 2546">
     <span class='ocr_line' id='line_1_25' title="bbox 749 1811 2322 1880; baseline -0.001 -17"><span class='ocrx_word' id='word_1_126' title='bbox 749 1812 890 1863; x_wconf 84' lang='lat' dir='ltr'>Huic</span> <span class='ocrx_word' id='word_1_127' title='bbox 917 1812 1151 1862; x_wconf 75' lang='lat' dir='ltr'>successit</span> <span class='ocrx_word' id='word_1_128' title='bbox 1177 1812 1313 1862; x_wconf 82' lang='lat' dir='ltr'>filius</span> <span class='ocrx_word' id='word_1_129' title='bbox 1347 1811 1458 1880; x_wconf 82' lang='lat' dir='ltr'>ejus</span> <span class='ocrx_word' id='word_1_130' title='bbox 1484 1811 1764 1861; x_wconf 83' lang='lat' dir='ltr'>Nomanus</span> <span class='ocrx_word' id='word_1_131' title='bbox 1789 1811 2034 1873; x_wconf 51' lang='lat' dir='ltr'>Amani.</span> <span class='ocrx_word' id='word_1_132' title='bbox 2054 1830 2100 1863; x_wconf 85' lang='lat' dir='ltr'>e.</span> <span class='ocrx_word' id='word_1_133' title='bbox 2133 1811 2322 1873; x_wconf 79' lang='lat' dir='ltr'>luscus,</span> 
     </span>
     <span class='ocr_line' id='line_1_26' title="bbox 677 1905 2327 1968; baseline -0.001 -9"><span class='ocrx_word' id='word_1_134' title='bbox 677 1908 862 1968; x_wconf 62' lang='lat' dir='ltr'>dietus,</span> <span class='ocrx_word' id='word_1_135' title='bbox 897 1906 1256 1958; x_wconf 81' lang='lat' dir='ltr'>Amrial-kaisi</span> <span class='ocrx_word' id='word_1_136' title='bbox 1294 1906 1447 1956; x_wconf 85' lang='lat' dir='ltr'>filius.</span> <span class='ocrx_word' id='word_1_137' title='bbox 1527 1905 1615 1956; x_wconf 91' lang='lat' dir='ltr'>Ab</span> <span class='ocrx_word' id='word_1_138' title='bbox 1656 1906 1747 1956; x_wconf 87' lang='lat' dir='ltr'>isto</span> <span class='ocrx_word' id='word_1_139' title='bbox 1781 1906 2030 1957; x_wconf 73' lang='lat' dir='ltr'>Noniano</span> <span class='ocrx_word' id='word_1_140' title='bbox 2069 1908 2327 1959; x_wconf 66' lang='lat' dir='ltr'>exstrueta</span> 
     </span>
     <span class='ocr_line' id='line_1_27' title="bbox 678 1999 2326 2071; baseline -0.001 -18"><span class='ocrx_word' id='word_1_141' title='bbox 678 2003 797 2053; x_wconf 84' lang='lat' dir='ltr'>sunt</span> <span class='ocrx_word' id='word_1_142' title='bbox 818 1999 1258 2055; x_wconf 65' lang='lat' dir='ltr'>Khawarnakzcm</span> <span class='ocrx_word' id='word_1_143' title='bbox 1297 2009 1349 2050; x_wconf 85' lang='lat' dir='ltr'>et</span> <span class='ocrx_word' id='word_1_144' title='bbox 1389 1999 1632 2051; x_wconf 77' lang='lat' dir='ltr'>Sedirum</span> <span class='ocrx_word' id='word_1_145' title='bbox 1655 2020 1670 2050; x_wconf 90' lang='lat'><em>:</em></span> <span class='ocrx_word' id='word_1_146' title='bbox 1716 2019 1945 2069; x_wconf 88' lang='lat' dir='ltr'>cumque</span> <span class='ocrx_word' id='word_1_147' title='bbox 1981 2019 2204 2071; x_wconf 82' lang='lat' dir='ltr'>regnum</span> <span class='ocrx_word' id='word_1_148' title='bbox 2233 2003 2326 2052; x_wconf 88' lang='lat' dir='ltr'>tri-</span> 
     </span>
     <span class='ocr_line' id='line_1_28' title="bbox 677 2095 2328 2167; baseline -0.001 -19"><span class='ocrx_word' id='word_1_149' title='bbox 677 2099 825 2167; x_wconf 77' lang='lat' dir='ltr'>ginta</span> <span class='ocrx_word' id='word_1_150' title='bbox 870 2097 1020 2147; x_wconf 84' lang='lat' dir='ltr'>annis</span> <span class='ocrx_word' id='word_1_151' title='bbox 1064 2095 1476 2155; x_wconf 78' lang='lat' dir='ltr'>administrasset,</span> <span class='ocrx_word' id='word_1_152' title='bbox 1519 2096 1719 2145; x_wconf 90' lang='lat' dir='ltr'>mundo</span> <span class='ocrx_word' id='word_1_153' title='bbox 1759 2095 2024 2156; x_wconf 80' lang='lat' dir='ltr'>valedixit,</span> <span class='ocrx_word' id='word_1_154' title='bbox 2073 2096 2328 2164; x_wconf 88' lang='lat' dir='ltr'>rebusque</span> 
     </span>
     <span class='ocr_line' id='line_1_29' title="bbox 680 2188 2326 2260; baseline -0.001 -18"><span class='ocrx_word' id='word_1_155' title='bbox 680 2192 867 2242; x_wconf 80' lang='lat' dir='ltr'>divinis</span> <span class='ocrx_word' id='word_1_156' title='bbox 907 2191 1010 2242; x_wconf 85' lang='lat' dir='ltr'>sese</span> <span class='ocrx_word' id='word_1_157' title='bbox 1051 2199 1224 2240; x_wconf 87' lang='lat' dir='ltr'>totum</span> <span class='ocrx_word' id='word_1_158' title='bbox 1266 2189 1602 2257; x_wconf 75' lang='lat' dir='ltr'>mancipavit.</span> <span class='ocrx_word' id='word_1_159' title='bbox 1682 2188 1884 2239; x_wconf 85' lang='lat' dir='ltr'>Diebus</span> <span class='ocrx_word' id='word_1_160' title='bbox 1923 2189 2326 2260; x_wconf 81' lang='lat' dir='ltr'>Bahramdjouri</span> 
     </span>
     <span class='ocr_line' id='line_1_30' title="bbox 678 2282 2326 2354; baseline -0.001 -18"><span class='ocrx_word' id='word_1_161' title='bbox 678 2287 773 2337; x_wconf 86' lang='lat' dir='ltr'>filii</span> <span class='ocrx_word' id='word_1_162' title='bbox 798 2284 1142 2353; x_wconf 86' lang='lat' dir='ltr'>Yezdedjerdi</span> <span class='ocrx_word' id='word_1_163' title='bbox 1168 2301 1333 2354; x_wconf 82' lang='lat' dir='ltr'>regno</span> <span class='ocrx_word' id='word_1_164' title='bbox 1361 2283 1411 2334; x_wconf 86' lang='lat' dir='ltr'>se</span> <span class='ocrx_word' id='word_1_165' title='bbox 1437 2282 1713 2335; x_wconf 80' lang='lat' dir='ltr'>abdicavit.</span> <span class='ocrx_word' id='word_1_166' title='bbox 1787 2282 1878 2333; x_wconf 87' lang='lat' dir='ltr'>De</span> <span class='ocrx_word' id='word_1_167' title='bbox 1908 2301 1970 2333; x_wconf 89' lang='lat' dir='ltr'>eo</span> <span class='ocrx_word' id='word_1_168' title='bbox 1999 2284 2326 2335; x_wconf 87' lang='lat' dir='ltr'>mentionem</span> 
     </span>
     <span class='ocr_line' id='line_1_31' title="bbox 682 2378 2325 2448; baseline -0.001 -17"><span class='ocrx_word' id='word_1_169' title='bbox 682 2381 806 2432; x_wconf 84' lang='lat' dir='ltr'>facit</span> <span class='ocrx_word' id='word_1_170' title='bbox 849 2379 956 2430; x_wconf 91' lang='lat' dir='ltr'>Adi</span> <span class='ocrx_word' id='word_1_171' title='bbox 1000 2378 1149 2429; x_wconf 90' lang='lat' dir='ltr'>Zeidi</span> <span class='ocrx_word' id='word_1_172' title='bbox 1190 2378 1328 2429; x_wconf 85' lang='lat' dir='ltr'>filius</span> <span class='ocrx_word' id='word_1_173' title='bbox 1374 2379 1429 2429; x_wconf 91' lang='lat' dir='ltr'>in</span> <span class='ocrx_word' id='word_1_174' title='bbox 1466 2378 1701 2430; x_wconf 78' lang='lat' dir='ltr'>carmine</span> <span class='ocrx_word' id='word_1_175' title='bbox 1741 2379 2019 2429; x_wconf 81' lang='lat' dir='ltr'>decantato</span> <span class='ocrx_word' id='word_1_176' title='bbox 2059 2379 2149 2429; x_wconf 92' lang='lat' dir='ltr'>illo</span> <span class='ocrx_word' id='word_1_177' title='bbox 2186 2381 2325 2448; x_wconf 92' lang='lat' dir='ltr'>quod</span> 
     </span>
     <span class='ocr_line' id='line_1_32' title="bbox 683 2472 1463 2546; baseline -0.005 -20"><span class='ocrx_word' id='word_1_178' title='bbox 683 2473 891 2544; x_wconf 68' lang='lat' dir='ltr'>Raiyya</span> <span class='ocrx_word' id='word_1_179' title='bbox 916 2473 1123 2532; x_wconf 87' lang='lat' dir='ltr'>dicitur,</span> <span class='ocrx_word' id='word_1_180' title='bbox 1151 2472 1233 2522; x_wconf 87' lang='lat' dir='ltr'>his</span> <span class='ocrx_word' id='word_1_181' title='bbox 1258 2472 1429 2546; x_wconf 79' lang='lat' dir='ltr'>verbis</span> <span class='ocrx_word' id='word_1_182' title='bbox 1452 2493 1463 2523; x_wconf 93' lang='lat'>:</span> 
     </span>
    </p>

    <p class='ocr_par' dir='ltr' id='par_1_9' title="bbox 756 2574 2327 2640">
     <span class='ocr_line' id='line_1_33' title="bbox 756 2574 2327 2640; baseline -0.001 -16"><span class='ocrx_word' id='word_1_183' title='bbox 756 2576 1021 2640; x_wconf 79' lang='lat' dir='ltr'>Aliquando</span> <span class='ocrx_word' id='word_1_184' title='bbox 1056 2575 1308 2622; x_wconf 82' lang='lat' dir='ltr'>meditatus</span> <span class='ocrx_word' id='word_1_185' title='bbox 1339 2577 1403 2622; x_wconf 88' lang='lat' dir='ltr'>est</span> <span class='ocrx_word' id='word_1_186' title='bbox 1438 2575 1657 2621; x_wconf 89' lang='lat' dir='ltr'>dominus</span> <span class='ocrx_word' id='word_1_187' title='bbox 1692 2574 2022 2632; x_wconf 64' lang='lat' dir='ltr'>Khawarnaki,</span> <span class='ocrx_word' id='word_1_188' title='bbox 2058 2591 2167 2621; x_wconf 85' lang='lat' dir='ltr'>cum</span> <span class='ocrx_word' id='word_1_189' title='bbox 2205 2575 2327 2622; x_wconf 90' lang='lat' dir='ltr'>sum-</span> 
     </span>
    </p>

    <p class='ocr_par' dir='ltr' id='par_1_10' title="bbox 830 2667 2327 2731">
     <span class='ocr_line' id='line_1_34' title="bbox 830 2667 2327 2731; baseline -0.001 -15"><span class='ocrx_word' id='word_1_190' title='bbox 830 2686 963 2716; x_wconf 87' lang='lat' dir='ltr'>mum</span> <span class='ocrx_word' id='word_1_191' title='bbox 1007 2667 1287 2715; x_wconf 79' lang='lat' dir='ltr'>celsitudinis</span> <span class='ocrx_word' id='word_1_192' title='bbox 1330 2667 1560 2731; x_wconf 81' lang='lat' dir='ltr'>fastigium</span> <span class='ocrx_word' id='word_1_193' title='bbox 1607 2667 1855 2724; x_wconf 86' lang='lat' dir='ltr'>obtineret,</span> <span class='ocrx_word' id='word_1_194' title='bbox 1897 2667 2214 2731; x_wconf 84' lang='lat' dir='ltr'>cogitavitque</span> <span class='ocrx_word' id='word_1_195' title='bbox 2238 2684 2327 2726; x_wconf 74' lang='lat' dir='ltr'>ea,</span> 
     </span>
    </p>
   </div>
   <div class='ocr_carea' id='block_1_6' title="bbox 831 2759 1780 2826">
    <p class='ocr_par' dir='ltr' id='par_1_11' title="bbox 831 2759 1780 2826">
     <span class='ocr_line' id='line_1_35' title="bbox 831 2759 1780 2826; baseline -0.005 -17"><span class='ocrx_word' id='word_1_196' title='bbox 831 2779 938 2826; x_wconf 77' lang='lat' dir='ltr'>quae</span> <span class='ocrx_word' id='word_1_197' title='bbox 965 2763 1011 2808; x_wconf 88' lang='lat' dir='ltr'>in</span> <span class='ocrx_word' id='word_1_198' title='bbox 1033 2762 1208 2808; x_wconf 62' lang='lat' dir='ltr'>-reeiam</span> <span class='ocrx_word' id='word_1_199' title='bbox 1233 2762 1354 2807; x_wconf 80' lang='lat' dir='ltr'>viam</span> <span class='ocrx_word' id='word_1_200' title='bbox 1379 2777 1488 2806; x_wconf 85' lang='lat' dir='ltr'>eum</span> <span class='ocrx_word' id='word_1_201' title='bbox 1513 2759 1780 2806; x_wconf 55' lang='lat' dir='ltr'>ducerenff.</span> 
     </span>
    </p>
   </div>
   <div class='ocr_carea' id='block_1_7' title="bbox 742 2948 2403 3015">
    <p class='ocr_par' dir='ltr' id='par_1_12' title="bbox 742 2948 2403 3015">
     <span class='ocr_line' id='line_1_36' title="bbox 742 2948 2403 3015; baseline -0.002 -20"><span class='ocrx_word' id='word_1_202' title='bbox 742 2965 757 2982; x_wconf 86' lang='lat'><em>²</em></span> <span class='ocrx_word' id='word_1_203' title='bbox 789 2958 888 2996; x_wconf 84' lang='lat' dir='ltr'>Mihi</span> <span class='ocrx_word' id='word_1_204' title='bbox 907 2958 1052 2994; x_wconf 79' lang='lat' dir='ltr'>videtur</span> <span class='ocrx_word' id='word_1_205' title='bbox 1071 2957 1267 3006; x_wconf 81' lang='lat' dir='ltr'>legendum</span> <span class='ocrx_word' id='word_1_206' title='bbox 1287 2956 1425 3015; x_wconf 37' lang='lat' dir='ltr'>alix&amp;</span> <span class='ocrx_word' id='word_1_207' title='bbox 1451 2962 1486 2992; x_wconf 84' lang='lat' dir='ltr'>et</span> <span class='ocrx_word' id='word_1_208' title='bbox 1509 2969 1594 2992; x_wconf 87' lang='lat' dir='ltr'>mox</span> <span class='ocrx_word' id='word_1_209' title='bbox 1609 2951 1782 3013; x_wconf 48' lang='lat' dir='ltr'>3*ssss</span> <span class='ocrx_word' id='word_1_210' title='bbox 1809 2948 1973 3006; x_wconf 50' lang='lat' dir='ltr'>§Ag-M,</span> <span class='ocrx_word' id='word_1_211' title='bbox 1999 2956 2068 2992; x_wconf 56' lang='lat' dir='ltr'>heic</span> <span class='ocrx_word' id='word_1_212' title='bbox 2088 2954 2267 2993; x_wconf 63' lang='lat' dir='ltr'>sententia</span> <span class='ocrx_word' id='word_1_213' title='bbox 2287 2963 2330 2993; x_wconf 83' lang='lat' dir='ltr'>ut</span> <span class='ocrx_word' id='word_1_214' title='bbox 2401 2962 2403 2965; x_wconf 82' lang='grc'>’</span> 
     </span>
    </p>
   </div>
   <div class='ocr_carea' id='block_1_8' title="bbox 655 3054 2082 3129">
    <p class='ocr_par' dir='ltr' id='par_1_13' title="bbox 655 3054 2082 3129">
     <span class='ocr_line' id='line_1_37' title="bbox 655 3054 2082 3129; baseline -0.004 -30"><span class='ocrx_word' id='word_1_215' title='bbox 655 3074 660 3129; x_wconf 64' lang='lat' dir='ltr'>l</span> <span class='ocrx_word' id='word_1_216' title='bbox 683 3083 705 3113; x_wconf 66' lang='lat'>9</span> <span class='ocrx_word' id='word_1_217' title='bbox 728 3064 769 3099; x_wconf 76' lang='lat' dir='ltr'>sit</span> <span class='ocrx_word' id='word_1_218' title='bbox 785 3063 844 3098; x_wconf 84' lang='lat' dir='ltr'>hie</span> <span class='ocrx_word' id='word_1_219' title='bbox 860 3062 930 3098; x_wconf 90' lang='lat' dir='ltr'>loci</span> <span class='ocrx_word' id='word_1_220' title='bbox 952 3077 1012 3118; x_wconf 48' lang='grc' dir='ltr'>ι...)</span> <span class='ocrx_word' id='word_1_221' title='bbox 1036 3054 1093 3111; x_wconf 66' lang='lat'>959</span> <span class='ocrx_word' id='word_1_222' title='bbox 1113 3060 1156 3095; x_wconf 90' lang='lat' dir='ltr'>de</span> <span class='ocrx_word' id='word_1_223' title='bbox 1178 3073 1253 3109; x_wconf 91' lang='lat' dir='ltr'>quo</span> <span class='ocrx_word' id='word_1_224' title='bbox 1272 3060 1356 3096; x_wconf 89' lang='lat' dir='ltr'>vide</span> <span class='ocrx_word' id='word_1_225' title='bbox 1377 3059 1531 3096; x_wconf 84' lang='lat' dir='ltr'>Pocock.</span> <span class='ocrx_word' id='word_1_226' title='bbox 1553 3059 1598 3094; x_wconf 87' lang='lat' dir='ltr'>ad</span> <span class='ocrx_word' id='word_1_227' title='bbox 1617 3070 1765 3094; x_wconf 88' lang='lat' dir='ltr'>carmen</span> <span class='ocrx_word' id='word_1_228' title='bbox 1786 3057 1942 3106; x_wconf 82' lang='lat' dir='ltr'>Tograii</span> <span class='ocrx_word' id='word_1_229' title='bbox 1963 3071 2000 3107; x_wconf 87' lang='lat' dir='ltr'>p.</span> <span class='ocrx_word' id='word_1_230' title='bbox 2016 3058 2082 3105; x_wconf 88' lang='lat'>46.</span> 
     </span>
    </p>
   </div>
  </div>
 </body>
</html>
