2498 3575
457 319 560 386 418

706 503 832 535 num
861 481 1118 533 historiam
1143 481 1283 530 suam
1307 498 1409 529 non
1438 478 1744 547 produxisse:
1775 497 1896 530 nam
1924 479 2037 529 finis
2066 478 2178 529 libri
2200 479 2351 548 scrip-

705 601 786 638 tus
814 586 886 636 cst
914 585 1075 635 aliena
1106 603 1280 642 manu,
1314 593 1366 632 et
1394 581 1640 651 pleniores
1670 582 1788 632 sunt
1809 582 1890 633 alii
1919 581 2131 633 codices.

743 762 891 818 Scripfi
916 762 1098 804 Lutetiae
1241 718 1336 786 J0.
1370 717 1736 768 BERNARDUS
1767 717 2080 777 Komaria,
2112 716 2356 767 Professor

830 822 871 860 6.
895 820 1014 874 Sept.
1321 810 1585 859 Extraord.
1621 809 1801 860 Philos.
1839 821 1890 860 et
1934 809 2275 860 Historiarum
2303 809 2357 860 in

779 875 836 919 A·
852 876 910 917 D·
941 889 951 916 ¹
965 876 1061 929 765·
1324 900 1603 952 Academia
1631 900 1923 952 Kilonienfi.

784 1101 839 1150 In
866 1099 1029 1150 fronte
1061 1100 1286 1171 ejusdem
1316 1098 1518 1150 Codicis
1552 1099 1647 1150 alia
1675 1110 1727 1150 et
1754 1098 1952 1149 brevior
1981 1096 2200 1148 recen-fio
2230 1095 2358 1166 legi-

709 1215 808 1262 tur,
841 1222 998 1253 manu
1034 1202 1117 1253 Cl.
1150 1203 1440 1253 Renaudoti
1481 1202 1678 1272 scripta,
1710 1203 1848 1271 quod
1885 1199 2127 1271 ignora-fle
2163 1200 2362 1251 vide-tur

712 1307 792 1356 Cl.
826 1306 1062 1356 Kochler.
1132 1306 1263 1356 Haec
1293 1305 1511 1356 recensio
1541 1305 1612 1356 ita
1642 1306 1690 1355 se
1720 1306 1888 1356 habet.

786 1420 800 1441 ‘
833 1408 1222 1478 Compendium
1269 1408 1507 1459 Historiae
1553 1409 2034 1467 Muhammedanae,
2074 1417 2250 1458 autore
2293 1405 2362 1456 Is-

714 1522 725 1541 ‘
759 1513 923 1562 maele
963 1511 1069 1562 filio
1114 1511 1235 1562 Hali
1275 1510 1499 1580 principe
1541 1512 1748 1569 Hamae,
1791 1510 1878 1580 qui
1918 1511 2071 1579 vulgo
2110 1508 2366 1560 Abulfeda
2436 1508 2440 1511 ’

714 1625 727 1644 ‘
759 1614 962 1672 dicitur,
994 1614 1187 1683 quique
1217 1614 1519 1683 geographia
1542 1615 1634 1664 -sua
1665 1614 1833 1665 notior
1859 1614 1947 1672 est,
1977 1626 2028 1664 et
2057 1612 2145 1683 qui
2176 1623 2282 1664 erat
2303 1631 2365 1663 ex

714 1727 728 1747 ‘
752 1716 1074 1768 Yubidarum
1101 1718 1185 1767 seu
1212 1716 1532 1767 Salaheddini
1556 1716 1761 1767 familia.
1820 1716 2216 1767 Praemittuntur
2242 1734 2363 1786 geo-

715 1829 729 1850 ‘
759 1819 995 1889 graphica
1018 1821 1283 1877 nonnulla,
1307 1839 1529 1890 quorum
1555 1839 1663 1890 pars
1684 1819 2013 1879 defideratur·;
2054 1830 2169 1871 tum
2201 1818 2366 1888 agitur

715 1933 728 1953 ‘
761 1924 822 1973 de
853 1923 1159 1992 patriarchis,
1184 1925 1246 1974 de
1277 1923 1475 1993 regibus
1508 1923 1668 1981 Israel,
1691 1922 1926 1992 AEgypti,
1951 1922 2144 1982 Perfiae,
2171 1922 2364 1972 Roma-

717 2035 731 2058 ‘
762 2026 939 2095 nisque
981 2026 1397 2095 imperatoribus;
1440 2027 1523 2077 sed
1553 2044 1615 2077 ex
1645 2027 1875 2077 Arabum
1908 2026 2197 2085 traditione,
2226 2026 2364 2076 ideo-

718 2139 731 2159 ‘
761 2148 861 2198 que
891 2148 999 2198 pars
1030 2129 1115 2179 illa
1143 2130 1359 2180 omnino
1389 2128 1685 2198 imperfecta
1712 2128 1802 2180 est.
1871 2130 2113 2180 Tandem
2144 2130 2370 2180 recenset

718 2244 730 2262 ‘
761 2244 906 2282 autor
955 2232 1412 2292 Muhammedem,
1463 2243 1516 2282 et
1562 2231 1754 2282 Califas
1804 2233 1908 2301 ejus
1954 2231 2267 2292 succefforeS,
2316 2244 2370 2282 et

718 2346 730 2365 ‘
760 2334 1017 2385 historiam
1049 2336 1329 2386 secundum
1367 2353 1621 2385 annorum
1654 2335 1833 2387 seriem
1864 2334 2182 2404 prosequitur
2209 2335 2370 2404 usque

718 2448 732 2468 ‘
764 2439 825 2488 ad
855 2456 1050 2488 annum
1081 2439 1288 2507 Hegirae
1316 2456 1441 2509 710.

785 2550 809 2571 >‘
837 2540 1011 2598 Liber,
1045 2553 1299 2609 quantum
1330 2540 1579 2612 conjicere
1610 2541 1747 2600 licet,
1771 2541 1954 2611 paffim
1988 2543 2288 2592 emendatus
2320 2552 2372 2593 et

717 2654 737 2675 „⁶
767 2644 1097 2713 interpolat-us
1127 2644 1198 2694 est
1227 2643 1375 2713 ipsius
1405 2643 1591 2694 autoris
1622 2663 1799 2702 manu,
1830 2664 1952 2695 cum
1985 2646 2149 2695 multa
2171 2655 2369 2705 mutet,

724 2758 737 2778 ‘
765 2747 949 2804 deleat,
979 2746 1131 2797 fustus
1161 2758 1406 2815 exponat,
1435 2748 1574 2815 quod
1618 2748 1669 2797 in
1711 2747 1875 2798 alieno
1909 2766 2057 2817 opere
2097 2766 2254 2798 nemo
2295 2748 2369 2798 fe-

726 2859 739 2879 ‘
771 2847 943 2898 cisset:
991 2860 1107 2899 tum
1138 2849 1292 2899 etiam
1323 2868 1505 2899 manus
1534 2849 1821 2918 agnoscitur
1851 2849 1946 2901 effe
1976 2849 2197 2901 hominis
2223 2849 2370 2901 nobi-

726 2961 740 2982 ‘
773 2950 848 3010 lis,
877 2970 972 3002 nec
1002 2951 1052 3001 in
1085 2951 1409 3018 καλλιγραφίᾳ
1438 2951 1732 3002 exercitati.’

804 3054 865 3103 >In
917 3054 1011 3104 hac
1062 3055 1350 3105 recensione
1404 3054 1741 3123 negligentior
1781 3055 2182 3125 «deprehenditur
2231 3042 2373 3108 fuiffe

379 3189 382 3205 1
406 3192 2409 3215 zzz-*mm
