2498 3575
409 307 509 360 170

329 863 418 911 Pag.
436 873 469 910 7.
493 862 517 897 l.
541 873 599 899 10.

358 919 380 939 *-
407 916 488 952 Stil.
510 916 567 965 {fui

326 970 410 1008 illem
433 970 587 1018 AlRay-

327 1023 397 1067 esh,
417 1037 532 1073 rrgum

328 1078 511 1127 Hamyar.
532 1076 589 1114 dc-

326 1146 430 1168 csmus
443 1133 600 1183 quintus:

310 1186 393 1237 sup·
413 1200 452 1236 p·
474 1196 538 1237 59·

301 646 306 725 1

302 727 306 990 ἰ

1257 287 1674 331 NOTAE.

644 486 805 534 erant,
834 472 1029 524 scilicet
1072 490 1118 523 1.
1149 485 1350 555 &eij
1387 485 1593 543 ῳωυὶ
1633 483 1716 554 με
1754 469 1964 522 Scientia
1983 470 2287 540 genealogia-

641 589 750 621 rum
786 580 832 619 et
867 565 1188 637 historiarum.
1234 585 1284 619 2.
1312 580 1421 640 [ἐλῶ
1456 579 1536 652 με
1571 567 1673 626 vel,
1719 577 1776 617 ut
1812 563 2129 627 Abu'lFeda,
2155 585 2289 645 μ

641 678 750 738 [3995
765 703 779 726 ‚
809 659 1147 734 Ὀνειροκριτικῆ,
1175 661 1262 713 seu
1298 661 1487 713 Somnia
1516 658 1872 732 interpretandi
1882 659 2084 731 peritia.
2129 679 2180 731 3.
2208 672 2290 746 fh

643 774 748 835 [ῥυῇ
776 761 858 811 De
866 758 1122 829 stellarum
1150 757 1198 808 in
1224 756 1512 809 concitandis
1527 756 1713 828 pluviis
1737 756 1796 807 vi
1800 754 2061 825 judicium.

703 853 845 924 ond
877 852 946 904 ad
973 852 1276 924 plu'laspplziae
1294 851 1568 923 scientiam,
1599 850 1729 922 &c.]
1768 852 2048 903 Haretlzum
2077 855 2105 884 '³¹‘
2121 871 2290 924 quen-

642 951 762 1002 dam
789 969 853 1001 ex
879 948 1101 1019 antiquis
1131 949 1184 999 Υ
1177 947 1491 1016 amanenstum
1530 947 1735 1019 regibus
1765 946 2134 1019 Philosophum
2159 967 2289 1020 cog-

644 1047 969 1098 nominatum
997 1043 1152 1096 refert
1180 1041 1373 1095 Alzmed
1394 1042 1505 1095 Ebn
1533 1042 1716 1114 Yufirf,
1762 1057 1909 1116 ιρι,
1949 1056 2058 1101 am
2095 1044 2290 1096 scilicet

643 1142 783 1213 quod
811 1140 1050 1191 intelleau
1089 1151 1140 1191 et
1174 1139 1445 1210 prudentia
1475 1139 1598 1190 alios
1617 1138 1938 1210 steperaverit
1958 1160 1976 1190 :
2017 1157 2122 1191 non
2149 1139 2291 1211 quod

642 1235 981 1309 philosophiae
1018 1235 1183 1286 studio
1223 1235 1424 1286 deditus
1463 1234 1637 1286 fuerit.
1704 1236 1890 1306 Ignota
1921 1235 2013 1287 illa
2041 1234 2292 1288 Arabibus

641 1333 800 1403 usque
848 1332 911 1382 ad
959 1330 1268 1402 Clzalffarum
1300 1328 1657 1399 Abbafidarum
1695 1343 1964 1401 tempora,
2005 1331 2146 1402 quod
2184 1350 2288 1384 non

643 1429 758 1480 ideo
787 1440 961 1479 tamen
989 1425 1255 1497 contigisse
1284 1425 1592 1478 crediderim
1619 1427 1760 1498 quod
1793 1427 1965 1478 minus
1999 1427 2183 1479 idonea
2207 1427 2286 1479 es·-

642 1525 751 1576 sent
791 1542 971 1575 eorum
1006 1524 1213 1594 ingenia
1249 1523 1311 1574 ad
1346 1521 1454 1574 haec
1489 1522 1649 1574 studia
1683 1522 1983 1584 excolenda,
2017 1523 2154 1594 (quis
2185 1522 2288 1576 hoc

643 1620 731 1671 fibi
757 1618 1042 1689 persuaderi
1080 1619 1306 1689 patiatur
1333 1618 1443 1689 qui,
1472 1637 1578 1688 quo
1604 1618 1773 1688 postea
1800 1618 2025 1670 succeffu
2053 1638 2113 1670 ea
2138 1619 2289 1671 colu-

644 1715 793 1776 erint,
822 1714 1150 1786 perpenderit
1173 1713 1226 1781 ?).
1263 1713 1348 1765 sed
1385 1714 1524 1784 quod
1550 1732 1607 1765 ea
1633 1713 1755 1765 effet
1782 1715 1902 1766 vitae
1932 1733 2113 1767 eorum
2139 1716 2288 1776 ratio,

641 1829 757 1881 quae
784 1823 986 1880 tempus
1014 1810 1072 1861 iis
1100 1809 1403 1881 impendere
1430 1828 1534 1861 non
1561 1821 1843 1880 pateretur.
1899 1811 1968 1861 Et
1988 1810 2128 1880 quod
2154 1829 2287 1862 non-

641 1907 767 1957 dum
794 1906 1138 1976 reperirentur
1175 1907 1267 1976 qui
1302 1906 1363 1957 iis
1402 1903 1658 1957 honorem
1695 1923 1801 1976 quo
1833 1905 2090 1957 alerentur
2115 1904 2287 1958 defer-

642 2014 777 2052 rent.
843 2000 940 2051 Sed
985 2019 1081 2052 nec
1129 2000 1307 2052 iisdem
1348 1999 1498 2052 facile
1544 2018 1666 2052 curn
1705 1998 1955 2071 Istamffmo
2000 2000 2288 2054 convenisse

643 2096 890 2147 testantur
917 2113 1031 2165 quae
1069 2095 1225 2148 refert
1266 2095 1532 2166 Gregorius
1571 2097 1741 2149 noster
1761 2123 1777 2158 3
1819 2096 2014 2148 scilicet
2048 2097 2291 2168 Joannem

644 2190 973 2262 Philopouum,
1002 2192 1092 2261 qui
1131 2191 1492 2243 Grammaticus
1529 2192 1688 2263 vulgo
1725 2192 1908 2253 dictus,
1948 2211 2008 2245 ac
2045 2192 2145 2244 sub·
2168 2193 2288 2244 Mo-

641 2284 1026 2356 lzammedanffmi
1047 2287 1341 2357 primordiis
1370 2286 1563 2348 floruit,
1587 2306 1708 2339 cum
1733 2288 1868 2358 apud
1888 2287 2116 2349 Amrum,
2138 2307 2288 2341 exer-

642 2382 774 2432 citus
803 2380 1028 2433 Arabum
1054 2382 1244 2434 ducem
1277 2383 1369 2453 qui
1394 2381 1749 2434 Alexandriam
1785 2396 2012 2454 ceperat,
2040 2383 2108 2435 ob
2133 2383 2290 2455 infig-

644 2496 765 2527 nem
804 2496 904 2547 qua
943 2477 1251 2529 inclaruerat
1296 2469 1657 2539 eruditionem,
1699 2498 1947 2550 magnam
1985 2479 2288 2531 consecutus

643 2571 765 2623 effet
791 2573 1030 2642 gratiam,
1058 2572 1121 2623 ab
1158 2592 1219 2624 eo
1255 2572 1453 2644 petiiffe
1492 2586 1550 2625 ut
1582 2574 1738 2625 libros
1766 2572 2175 2645 philosophicos,
2199 2576 2290 2645 qui

643 2668 695 2717 in
735 2666 1064 2718 bibliothecis
1102 2669 1251 2739 regiis
1291 2669 1666 2729 invenirentur,
1707 2669 2035 2720 concederet.
2101 2669 2290 2722 Amrus

643 2761 739 2813 hac
769 2763 821 2812 in
845 2781 898 2813 re
926 2775 1135 2833 gratum
1162 2765 1211 2814 ei
1236 2763 1407 2816 facere
1435 2765 1665 2834 cupienS,
1690 2782 1786 2815 nec
1809 2776 1982 2816 tamen
2004 2765 2148 2826 illud,
2169 2765 2285 2817 abs-

643 2876 745 2928 que
766 2858 1037 2927 impetrata
1057 2858 1120 2909 ab
1143 2860 1323 2910 Omaro
1344 2861 1656 2931 imperatore
1678 2860 1846 2920 venia,
1865 2859 2030 2924 ausus,
2050 2879 2174 2913 cum
2194 2881 2289 2933 per

642 2953 813 3004 literas
855 2952 1017 3023 ipsum
1057 2953 1402 3015 consuluisset,
1439 2953 1540 3006 hoc
1577 2954 1697 3006 tulit
1736 2954 2028 3025 responsum
2049 2981 2066 3018 3
2106 2958 2287 3027 utique

643 3048 799 3099 libros
835 3048 953 3100 istos
994 3048 1077 3099 vel
1114 3067 1238 3099 cum
1263 3049 1507 3100 Alcorcmo
1541 3049 1835 3111 convenire,
1868 3063 2023 3121 atque
2058 3051 2129 3104 ita
2156 3070 2286 3123 opus
