2498 3575
148 215 2178 244 ,m

62 276 64 278 ’
655 289 1363 332 EXABULFEDA.
1978 300 2078 351 525
2192 201 2197 337 Ι

2110 357 2196 404 --ἔ

146 489 150 513 ι
187 463 378 515 ducere
417 483 446 515 a
485 464 680 524 Caabo,
712 464 925 534 hujusce
966 466 1115 516 Amri
1157 467 1281 516 filio.
1362 466 1719 516 Scharestanio
1755 484 1833 515 re·
2192 468 2195 496 ¹

186 557 405 619 ferente,
433 559 631 610 Amrus
666 559 908 629 Lohayyi
943 561 1078 610 filius
1112 561 1314 629 primus
1349 561 1483 611 idola
1519 560 1670 629 super
1703 562 1833 611 (Jaa-
2192 540 2194 553 ἶ

184 653 306 703 bam
329 652 519 722 posuit,
537 654 711 722 eisque
734 655 936 705 cultum
966 655 1227 722 praestitit:
1259 655 1346 722 ipsi
1377 655 1608 705 obsecuti
1634 655 1835 706 Arabes

184 765 245 797 ea
270 766 482 816 quoque
509 749 816 809 coluerunt;
847 758 898 800 et
925 750 1186 800 idolorum
1217 750 1380 800 cultui
1408 749 1599 801 addicti
1629 768 1833 800 reman-

185 841 378 900 serunt,
407 844 576 894 donec
603 843 901 911 supervenit
929 843 1166 895 Issamica
1194 845 1390 914 religio.

258 935 433 1006 Hujus
469 937 541 987 rei
581 937 732 988 causa
771 940 885 989 haee
923 938 1039 997 fuit,
1082 940 1225 1006 quod
1264 939 1462 989 Amrus
1505 939 1608 998 iste,
1652 939 1834 988 itinere

183 1030 421 1100 suscepto
454 1032 506 1082 in
544 1032 816 1093 Baikaam,
847 1033 1010 1102 Syriae
1048 1034 1291 1094 tracium,
1323 1034 1562 1084 homines
1590 1033 1717 1083 vidit
1745 1034 1833 1101 qui

184 1126 468 1178 simulacris
491 1128 691 1178 cultum
717 1129 1053 1196 praestabant;
1083 1147 1312 1197 cumque
1339 1129 1403 1179 ab
1430 1129 1503 1179 eis
1531 1128 1834 1196 quoefix‘ifl'ct
2171 1162 2191 1215 li

184 1222 439 1290 quidnam
491 1223 563 1273 rei
616 1224 717 1273 hoc
772 1223 914 1284 efl'et,
967 1222 1271 1292 responsum
1324 1223 1444 1274 tulit
1495 1222 1793 1292 hujusmodi
1821 1245 1830 1274 :
2171 1213 2192 1339 Ἰ

185 1419 218 1439 “
247 1430 364 1462 rum
393 1412 677 1463 coelestium
703 1422 755 1463 et
781 1412 1070 1464 formarum
1097 1414 1444 1464 humanarum
1472 1413 1692 1463 fecimus
1715 1433 1725 1463 ε
1767 1413 1832 1463 ab
2187 1347 2192 1492 ξ

185 1513 219 1534 “
246 1507 319 1557 eis
341 1507 594 1557 auxilium
617 1507 930 1576 expetimus,
954 1517 1005 1558 et
1028 1509 1393 1576 impetramus;
1423 1508 1654 1575 pluviam
1679 1525 1830 1577 roga·
2188 1548 2192 1586 s

2188 1588 2192 1624 Ι

2187 1626 2192 1662 i

183 1609 216 1629 “
246 1619 382 1662 mus,
411 1612 463 1652 et
490 1620 605 1652 eam
635 1603 989 1653 obtinemus.''
1034 1602 1095 1654 Id
1126 1604 1341 1653 miratus
1370 1603 1566 1653 Amrus
1592 1603 1830 1652 simulac-

183 1715 299 1747 rum
336 1697 401 1747 ab
435 1696 507 1747 eis
533 1697 701 1765 petiit,
731 1698 1091 1766 dederuntque
1117 1698 1165 1748 ei
1193 1697 1460 1750 Hobalum
1486 1720 1498 1758 ;
1540 1699 1681 1765 quod
1709 1715 1829 1748 cum

1903 1785 1926 1807 ²⁵⁴*
1949 1783 2007 1820 Sic
2026 1785 2138 1821 codex
2170 1809 2174 1825 .

1878 1837 1966 1886 Reg.
1989 1837 2045 1874 sed

180 1906 393 1956 quoque
433 1888 537 1938 duo
577 1887 850 1939 simulacra
888 1888 1063 1939 secum
1103 1889 1333 1949 advexit,
1369 1907 1486 1956 quae
1523 1888 1833 1938 dicebantur
1875 1891 2109 1993 {3210010-

1976 1959 2038 1981 um

178 1981 367 2050 Afim*
395 1991 447 2033 et
486 1981 654 2033 iVailcz
674 2003 692 2041 ;
736 1982 1080 2051 hominesque
1117 1984 1358 2034 hortatus
1394 1983 1466 2033 est
1501 1992 1560 2033 ut
1599 1983 1832 2033 colerent
1877 2011 1983 2053 kjud
2004 2017 2108 2066 ΑΜ

183 1791 425 1843 Meccam
454 1792 630 1843 secum
666 1793 944 1853 detuliffet,
973 1792 1124 1861 super
1149 1792 1379 1843 Caabam
1409 1792 1656 1861 imposuit
1681 1813 1691 1843 :
1733 1792 1831 1842 alia

144 514 150 667 ἔ

185 1324 216 1343 “
247 1315 379 1368 Haec
404 1317 676 1368 simulacra
702 1317 821 1368 sunt
846 1317 954 1379 Dii,
979 1336 1111 1386 quos
1137 1319 1200 1369 ad
1229 1318 1621 1369 similitudinem
1645 1336 1832 1386 corpo·

179 2077 335 2138 idola,
363 2086 415 2128 et
440 2079 506 2128 ad
533 2096 592 2128 ea
620 2078 883 2148 religionis
911 2077 1062 2129 causa
1087 2079 1414 2139 accederent,
1443 2077 1695 2145 dieiisque
1721 2079 1831 2147 ejus
1874 2071 2054 2160 {ggmvffti
2077 2071 2113 2107 ³¹¹

177 2182 483 2241 paruerunt.
565 2172 745 2223 Refert
778 2172 1167 2223 Scharestanius
1201 2173 1252 2222 id
1290 2172 1489 2223 factum
1518 2171 1665 2222 fuifle
1693 2182 1828 2223 tem-
1902 2154 2062 2228 Ps449s

178 2285 305 2335 pore
333 2267 558 2335 Saporis,
583 2268 615 2317 i.
634 2285 679 2318 e.
709 2267 1107 2337 quadringentis
1134 2276 1256 2317 ante
1284 2266 1631 2318 Issamismum
1659 2267 1828 2327 annis,

177 2362 212 2412 fi
242 2362 491 2430 Saporem
520 2362 689 2413 filium
712 2362 1031 2423 Ardeschiri,
1056 2362 1149 2412 filii
1170 2362 1364 2413 Babeci
1391 2362 1611 2412 innuere
1637 2362 1827 2412 voluit:

140 2459 146 2519 Ι
177 2458 232 2519 si,
260 2466 463 2518 contra,
492 2457 741 2526 Saporem
781 2456 1245 2517 Dhoul-acstafum‚
1273 2475 1303 2507 a
1328 2474 1451 2507 vero
1486 2457 1643 2506 nimis
1678 2457 1828 2506 aber—

179 2565 275 2614 rat,
309 2571 474 2622 quum
511 2553 674 2621 Sapor
705 2552 793 2603 iste
827 2552 986 2622 longe
1019 2552 1134 2621 post
1167 2552 1394 2620 priorem
1430 2551 1679 2619 Saporem
1715 2551 1828 2601 vix-

143 2680 146 2683 ·
178 2650 292 2700 erit.

140 2687 146 2738 Ι
252 2744 334 2796 Ex
361 2744 572 2815 regibus
600 2744 837 2794 Arabum
866 2743 1024 2794 etiam
1053 2743 1124 2792 est
1153 2741 1410 2792 Zohairus
1437 2741 1573 2791 filius
1601 2740 1831 2802 Hababi,

178 2839 271 2891 filii
299 2839 512 2899 Hobali,
540 2838 631 2889 filii
658 2837 959 2898 Abdallahi,
988 2837 1080 2888 filii
1108 2836 1362 2896 Kenanae,
1386 2836 1479 2886 filii
1505 2835 1706 2896 Nekiri,
1736 2836 1829 2886 filii

179 2935 343 2995 Auni,
372 2934 463 2985 filii
491 2932 705 2993 Odhrae,
733 2932 956 2992 Calbita,
984 2932 1068 2983 cui
1103 2948 1400 3000 cognomen
1434 2930 1533 2980 fuit
1568 2930 1731 2990 liztes,
1761 2931 1829 2981 ob

169 3031 358 3100 judicii
398 3031 509 3098 ejus
548 3045 774 3079 acumen
810 3037 863 3077 et
900 3026 1270 3095 praestantiam.
1348 3022 1649 3075 Diutiffime
1679 3025 1828 3085 vixit,
