2498 3575
2091 211 2331 272 l

599 271 603 340 Ι
1200 302 1710 345 EXCERPTA

634 481 798 532 milias
833 481 1011 531 Rebiae
1046 481 1136 531 filii
1174 480 1363 531 Nezari
1403 480 1645 548 pertinet.
1724 479 1769 529 E
1799 496 2018 529 numero
2045 478 2273 529 Selama-

635 576 858 625 nitarum
902 574 1021 625 sunt
1060 575 1151 625 filii
1192 574 1441 625 Bahtari:
1494 575 1557 624 ad
1596 573 1857 642 Hanyitas
1894 591 2018 623 vero
2048 572 2278 640 pertinet

630 669 833 738 Ayasus
867 670 1002 719 filius
1040 668 1297 729 Kobaisae,
1326 669 1415 736 qui
1444 669 1555 737 post
1580 668 1888 718 Nonianum
1932 666 2121 736 [Hirae]
2159 683 2278 736 reg-

633 764 790 814 navit.
871 763 914 813 E
947 763 1188 832 'l'ayyitis
1223 764 1294 813 est
1328 763 1485 813 etiam
1515 762 1713 812 Amrus
1748 761 1885 812 filius
1919 760 2199 821 Meschihi‚
2227 769 2280 811 et
2308 794 2311 797 -

632 859 845 926 quidem
882 875 944 907 ex
979 857 1191 924 posteris
1215 857 1402 907 Thaali
1426 856 1670 925 Tayyitae
1697 876 1707 906 :
1749 855 1955 923 fuitque
1982 855 2108 905 dum
2135 854 2279 905 vive-

634 963 727 1012 ret,
773 952 957 1021 infigni
1005 952 1187 1019 peritia
1231 952 1282 1001 in
1326 961 1436 1002 arte
1474 950 1769 1020 sagittandi,
1811 949 2015 1000 illustris
2055 958 2109 1000 et
2149 949 2280 1000 nulli

635 1047 890 1097 secundus
917 1067 926 1097 :
971 1047 1034 1096 de.
1061 1064 1123 1096 eo
1150 1046 1280 1096 dixit
1306 1044 1708 1097 Amrial—kaisus
1736 1052 1890 1113 poeta
1917 1065 1927 1095 ε

709 1150 842 1211 Saepe
869 1148 1175 1210 jaculatorem
1208 1166 1264 1194 ex
1295 1148 1397 1194 filiis
1428 1146 1641 1204 Thaalae,
1672 1147 1751 1210 qui
1787 1163 1955 1193 manus
1988 1146 2202 1193 exerebat
2225 1162 2282 1193 ex

782 1241 971 1287 cortinis
995 1241 1058 1286 sui
1085 1241 1287 1287 tentorii.

638 1335 745 1405 [Ad
776 1335 1043 1386 Thaalitas
1069 1336 1296 1403 pertinet
1333 1352 1542 1403 quoque
1570 1334 1699 1385 Zeid
1725 1334 1959 1395 Alkhail‚
1987 1352 2145 1402 quem
2182 1353 2280 1384 no—

635 1431 779 1480 mine
800 1430 1100 1489 immutato,
1123 1428 1260 1480 Zeid
1274 1428 1348 1480 Al
1364 1428 1537 1480 Khair
1556 1429 1836 1497 appellavit
1854 1429 2114 1496 apostolus
2133 1427 2276 1498 Dei.]

708 1523 753 1574 E
787 1524 1029 1593 Tayyitis
1065 1541 1276 1591 quoque
1309 1524 1409 1574 fuit
1442 1523 1704 1574 Hatemus
1726 1523 1956 1592 Tayyita
1989 1524 2092 1585 ille,
2119 1542 2279 1592 quem
2312 1541 2314 1544 ’

636 1618 724 1669 sua
749 1619 1030 1668 liberalitas
1059 1619 1305 1669 illustrem
1334 1617 1475 1669 fecit.

709 1806 1147 1858 MoDHHADnTAE
1195 1808 1402 1858 tertiam
1447 1809 1643 1859 tribum
1687 1808 2010 1859 constituunt
2051 1809 2280 1860 filiorum
2317 1843 2321 1859 .

635 1900 872 1952 Cahlani.
952 1900 1024 1951 Hi
1059 1902 1177 1952 sunt
1215 1903 1404 1970 posteri
1437 1902 1770 1972 Modhhadji,
1799 1903 1889 1970 qui
1913 1921 2037 1953 vero
2065 1904 2282 1954 nomine
2317 1865 2322 1972 ξ

637 1995 803 2045 dietus
836 1996 908 2046 est
942 1995 1179 2046 Malecus
1204 1997 1342 2047 filius
1368 1996 1560 2054 Ododi,
1588 1997 1681 2047 filii
1718 1996 1884 2058 Zeidi,
1912 1998 2005 2047 filii
2040 1997 2280 2058 Cahlani,
2317 1975 2322 2038 l

636 2090 728 2140 filii
756 2090 920 2141 Sabae.
979 2090 1367 2158 Modhhadjitae
1394 2092 1650 2160 plurimos
1676 2092 1730 2141 in
1758 2110 1930 2142 ramos
1957 2093 2280 2153 dividuntur,
2318 2040 2323 2156 i

638 2203 864 2252 quorum
905 2202 966 2234 ea
1001 2185 1122 2235 sunt
1149 2185 1382 2243 nomina,
1412 2184 1765 2246 Khaulanitae,
1792 2185 2081 2255 Djonbstae,
2109 2205 2138 2238 e
2164 2188 2281 2255 qui·
2319 2159 2322 2182 Ι

638 2280 736 2329 bus
762 2278 862 2328 fuit
888 2278 1123 2329 Moawia
1148 2279 1433 2330 Alkhairus
1464 2278 1738 2348 Djonbita,
1766 2281 1855 2348 qui
1882 2281 2056 2349 copias
2084 2280 2282 2331 Modh-
2319 2234 2323 2324 i

639 2373 953 2441 hadjitarum
982 2374 1205 2423 ducebat
1232 2374 1284 2423 in
1306 2373 1446 2423 bello
1467 2374 1697 2425 filiorum
1716 2374 1949 2443 Wayeli,
1972 2385 2026 2425 et
2045 2375 2099 2425 in
2121 2375 2282 2443 parti·
2319 2344 2324 2410 l

641 2467 737 2517 bus
757 2466 1151 2536 Taglebitarum
1173 2476 1309 2527 erat;
1339 2467 1568 2529 Ouditae,
1588 2469 1730 2518 unde
1751 2478 1894 2519 ortus
1919 2479 2076 2537 poeta
2095 2469 2283 2520 Afwa-

644 2561 740 2610 hus
759 2560 977 2621 Oudita3
1008 2560 1120 2610 Filii
1142 2550 1353 2629 quoque
1381 2561 1821 2622 Saad-alaschirae‚
1845 2564 1929 2614 cui
1957 2564 2059 2614 hoc
2086 2581 2283 2614 nomen

645 2654 809 2724 [quod
835 2655 1107 2724 significat,
1127 2655 1365 2706 comitum
1393 2654 1546 2706 turba
1554 2655 1721 2726 felix]
1747 2657 1865 2707 ideo
1891 2658 2138 2719 inditum,
2162 2659 2284 2726 quia

643 2748 943 2817 priusquam
984 2760 1275 2800 moreretur
1310 2760 1388 2800 ter
1422 2758 1637 2801 centum
1669 2751 1855 2802 habuit
1879 2752 2013 2802 filios
2039 2760 2092 2802 et
2119 2770 2283 2821 nepo-

644 2854 737 2903 tes,
766 2844 853 2911 qui
881 2861 1001 2893 eum
1030 2844 1324 2911 equitantes
1351 2844 1740 2895 comitabantur
1764 2866 1775 2896 :
1822 2844 2089 2914 [Cumque
2119 2846 2282 2897 inter—

646 2947 911 3005 rogaretur
950 2938 1165 3004 quinam
1207 2939 1259 2987 hi
1301 2939 1496 2998 effent;
1540 2946 1572 2966 “
1603 2938 1754 2998 Sunt,
1794 2939 1982 3000 aiebat,
2023 2941 2282 2991 comitum

612 3028 674 3120 's‘
705 3049 940 3081 meorum
985 3033 1136 3081 turba
1158 3031 1205 3091 ;'’
1247 3041 1306 3082 ut
1349 3033 1451 3083 hoc
1488 3032 1835 3101 respondendi
1874 3035 2034 3085 modo
2069 3035 2283 3086 oculum
