2498 3575
407 353 509 404 530
1211 333 1727 377 EXCERPTA

647 508 935 558 Bohairum
975 509 1140 559 filium
1183 507 1407 559 Harethi
1444 507 1682 567 Becritae,
1710 524 1879 574 eoque
1913 505 2103 566 occiso,
2131 505 2295 556 dixit:

649 610 681 630 “
711 602 939 663 Morere,
968 612 1019 653 et
1046 604 1151 653 esto
1178 602 1445 671 piaculum
1480 620 1577 669 pro
1604 600 1826 669 corrigia
1852 600 2011 650 calcei
2037 598 2294 650 Colaibi.”

648 697 827 751 Quum
857 696 1056 748 occisus
1082 697 1252 747 fuiffet
1275 696 1532 747 Bohairus
1559 696 1695 746 filius
1719 694 1961 755 Harethi,
1983 693 2158 745 versus
2179 694 2296 746 illos

649 793 940 842 notiffimos
968 792 1097 842 dixit
1124 801 1271 860 pater
1297 792 1406 862 ejus
1434 790 1701 841 Harethus
1724 810 1734 840 :

722 895 794 941 Ex
829 912 924 958 quo
957 895 1160 941 habenas
1193 895 1396 941 Noamae
1431 910 1597 940 manus
1631 909 1733 939 mea
1758 899 1902 949 tenet,
1929 891 2031 937 cani
2057 891 2165 938 facti
2191 891 2297 939 sunt

795 988 939 1051 capilli
964 990 1070 1045 mei,
1099 989 1286 1050 meique
1311 1003 1386 1033 me
1403 989 1502 1049 jam
1529 1003 1625 1032 non
1650 986 1926 1050 agnoscunt.

721 1086 837 1132 Non
860 1086 924 1132 fui
954 1087 1097 1148 (testis
1122 1084 1275 1145 Deus)
1300 1102 1326 1131 e
1351 1101 1549 1131 numero
1575 1101 1739 1131 eorum
1765 1085 1845 1148 qui
1872 1085 1918 1130 in
1943 1100 2022 1130 eos
2054 1080 2298 1148 [Taglebi-

794 1176 887 1243 tas]
927 1180 1103 1225 crimen
1137 1175 1429 1237 commisere,
1459 1187 1506 1225 et
1540 1177 1845 1225 nihilominus
1881 1176 2097 1224 incendio
2131 1193 2294 1224 eorum

792 1272 930 1319 hodie
953 1273 1218 1319 comburor.

646 1367 853 1418 Noama
901 1386 1097 1418 nomen
1147 1367 1248 1418 fuit
1297 1385 1465 1436 equae,
1514 1386 1617 1435 qua
1668 1365 1937 1417 Harethus
1985 1366 2292 1417 vehebatur.

647 1463 853 1513 Bellum
889 1463 1026 1513 inter
1059 1462 1378 1531 supradictos
1407 1462 1623 1532 WVayeli
1656 1462 1790 1512 filios
1823 1480 1917 1529 per
1948 1461 2296 1531 quadraginta

647 1558 851 1608 circiter
884 1576 1051 1608 annos
1090 1557 1262 1608 furere
1297 1575 1404 1607 non
1439 1557 1600 1608 desiit,
1679 1556 1958 1625 Postquam
1987 1556 2184 1607 occisus
2210 1556 2294 1607 fu-

646 1654 757 1704 ifl'et
794 1651 1072 1720 Djass'asus,
1099 1662 1247 1720 pater
1281 1653 1389 1722 ejus
1427 1652 1609 1702 Morra
1641 1653 1706 1703 ad
1741 1652 2111 1702 Mohalhelum
2141 1651 2292 1713 mifit,

646 1748 735 1816 qui
782 1748 1056 1798 dicerent:
1120 1755 1152 1775 “
1180 1747 1301 1798 Jam
1348 1748 1489 1798 ultus
1530 1765 1584 1798 es
1631 1746 1939 1817 sanguinem
1983 1746 2155 1797 fratris
2198 1748 2293 1808 tui,

357 1861 394 1897 P.
420 1873 442 1908 4
447 1868 510 1910 53·
648 1851 679 1870 “
708 1841 1106 1912 Djafi'asumque
1133 1842 1388 1892 occidisti:
1432 1842 1606 1910 itaque
1632 1860 1662 1892 a
1686 1842 1825 1892 bello
1852 1841 2042 1902 desine,
2075 1841 2295 1909 rixisque

648 1945 681 1965 “
709 1947 761 1987 et
787 1937 1051 2007 sanguinis
1079 1936 1317 1987 effusioni
1343 1937 1505 1988 finem
1533 1935 1811 2005 impone:’'
1841 1936 1926 1987 sed
1955 1936 2293 1987 Mohalhelus

647 2050 791 2083 arma
818 2033 1081 2101 deponere
1114 2032 1300 2082 noluit.
1379 2031 1515 2081 Cum
1543 2049 1667 2081 vero
1700 2031 1898 2082 bellum
1934 2032 2023 2082 diu
2055 2040 2290 2099 protrac-

648 2136 762 2177 tum
794 2126 981 2184 fuiffet,
1008 2126 1404 2195 Taglebitaeque
1438 2136 1696 2193 quantum
1732 2125 1980 2176 volebant
2004 2126 2290 2178 vindictam

361 2254 382 2275 ,ε
408 2244 568 2315 &242³
615 2239 675 2315 ‘e
712 2220 929 2271 Becritis
966 2220 1307 2289 sumpsissent,
1342 2220 1572 2288 permisit
1610 2220 1779 2288 ipfis*
1821 2219 2203 2291 [Mohalhelus]
2234 2229 2294 2271 ut

331 2292 618 2412 gssgbhallsselo'
646 2315 784 2366 bello
810 2315 971 2365 finem
1000 2315 1249 2366 facerent.
1296 2314 1474 2365 Postea
1493 2315 1649 2383 periit
1670 2315 2029 2375 Mohalhelus3
2059 2317 2124 2366 de
2145 2316 2294 2385 cujus

332 2389 477 2480 Οὲῑῃῃοῖἳ,
497 2389 515 2412 e
543 2389 561 2412 e
647 2410 794 2461 obitu
822 2410 961 2461 varia
989 2409 1321 2461 referuntur:
1364 2409 1451 2460 sed
1477 2427 1537 2460 ea
1564 2428 1672 2460 non
1698 2410 2040 2480 attingemuS,
2071 2411 2295 2462 brevita-

648 2505 712 2555 tis
736 2505 918 2556 studio.

720 2598 804 2649 De
826 2599 1034 2668 regibus
1057 2598 1297 2649 Arabum
1319 2599 1391 2649 est
1412 2617 1624 2668 quoque
1650 2599 1905 2650 Zohairus
1926 2600 2062 2650 filius
2083 2598 2294 2670 Djodh-

649 2694 820 2754 aimae,
847 2693 940 2743 filii
967 2693 1233 2754 Rawahae,
1261 2693 1353 2744 filii
1382 2692 1578 2755 Rebiae,
1609 2694 1701 2744 filii
1735 2694 1967 2755 Mazeni,
1999 2695 2093 2745 filii
2126 2693 2296 2745 Hare—

653 2788 747 2848 thi,
775 2788 868 2838 filii
895 2786 1082 2848 Katiae,
1110 2787 1204 2838 filii
1229 2787 1355 2838 Abfi
1380 2808 1390 2838 ε
1435 2787 1692 2839 Zohairus
1726 2789 1812 2839 ille
1844 2797 1994 2858 pater
2026 2788 2128 2839 fuit
2159 2790 2296 2860 regis

653 2880 791 2932 Kaifi
823 2882 915 2932 filii
953 2882 1164 2933 Zohairi
1199 2880 1414 2933 Abfitae.
1495 2882 1724 2933 Zohairo
1749 2883 1971 2953 vectigal
2008 2883 2298 2935 debebatur

650 2976 715 3025 ab
743 2975 1118 3036 Hawazenitis,
1142 2977 1285 3044 quod
1306 2976 1518 3046 fingulis
1544 2977 1694 3027 annis
1721 2976 1956 3028 Occadhi
1982 2977 2073 3046 ipsi
2098 2979 2295 3046 pende-

650 3070 834 3121 batur:
867 3070 1200 3141 (Occadhum
1228 3089 1426 3122 nomen
1452 3072 1524 3123 est
1551 3072 1904 3122 nundinarum
1929 3090 2046 3140 quae
2068 3074 2297 3142 ageban-
