2498 3575
654 302 1369 346 EXABULFEDA.
1987 312 2092 366 507
2189 227 2210 418 Ι*

187 480 438 532 Kahtani.
486 481 690 551 Regum
721 481 1112 551 provinciarum
1142 500 1255 532 aevo
1282 492 1406 532 ante
1427 481 1683 532 Cosroum
1710 490 1846 531 tem-

184 595 314 644 pora
345 577 586 648 regnavit
620 576 876 638 Malecus,
905 577 989 628 cui
1018 576 1255 628 succeffit
1298 577 1459 628 frater
1493 577 1603 646 ejus
1629 576 1846 636 AmruS,

186 671 373 723 Fahmi
399 691 612 741 quoque
646 673 800 723 filius.

247 767 365 818 Post
382 768 615 819 Amrum
636 769 875 838 regnavit
899 787 964 820 ex
985 768 1145 819 fratre
1169 786 1332 837 nepos
1353 767 1693 838 Djodhaima,
1711 767 1849 817 filius

186 861 399 923 Maleci,
428 863 521 913 filii
558 862 780 915 Fahmi:
835 882 864 915 a
903 865 1044 932 lepra
1084 882 1189 932 qua
1225 865 1515 914 vexabatur
1548 881 1847 933 cognomen

186 958 390 1019 habuit,
417 958 691 1026 dictusque
728 960 800 1009 est
839 959 1163 1029 Djodhaima
1189 958 1443 1026 Abrasclz,
1472 959 1504 1009 i.
1525 977 1570 1009 e.
1600 959 1848 1027 leprosus.

187 1052 445 1123 Magnam
470 1054 767 1122 potentiam
788 1056 1009 1123 adeptus
1028 1056 1099 1106 est
1118 1055 1204 1105 ille
1223 1054 1563 1124 Djodhaima.
1605 1054 1848 1105 Sororem

158 1147 392 1210 babuit,
422 1149 738 1201 Rikascham
769 1151 1004 1211 nomine,
1034 1169 1152 1219 quae
1188 1151 1242 1202 in
1278 1169 1516 1201 amorem
1543 1150 1730 1201 incidit
1757 1151 1852 1201 viri

188 1243 459 1313 cujusdam
485 1263 549 1295 ex
570 1244 736 1315 Iyado
755 1247 786 1279 δέ
816 1246 1043 1307 oriundi,
1067 1264 1226 1314 quem
1255 1247 1525 1297 beneficiis
1547 1246 1852 1298 cumulave-
1925 1261 1948 1283 ’θ
1973 1259 2062 1308 Iyad
2082 1273 2126 1295 ex

1894 1312 1980 1349 filiis
1996 1314 2045 1349 est
2060 1314 2170 1355 Maa—

188 1349 267 1390 rat
296 1338 654 1410 Djodhaima:
700 1341 1031 1410 vicissimque
1067 1360 1097 1392 a
1130 1341 1243 1392 viro
1271 1341 1378 1402 illo,
1408 1342 1493 1392 cui
1527 1360 1725 1392 nomen
1752 1341 1855 1394 fuit
1894 1368 1932 1403 di
1953 1367 2093 1404 Nezari
2114 1366 2157 1402 fi-

188 1435 377 1497 Adius,
429 1436 567 1486 finus
618 1435 788 1498 Nasu,
841 1437 935 1487 fini
987 1437 1184 1496 Rebiae,
1233 1438 1620 1488 redamabatur.
1712 1436 1855 1488 Huic
1897 1421 1951 1458 ¹³²·

188 1531 330 1582 Adio
353 1531 625 1582 commista
645 1541 756 1583 erat
777 1532 1037 1583 coenaculi
1059 1551 1201 1594 cura,
1225 1533 1280 1583 in
1304 1551 1410 1601 quo
1431 1533 1557 1584 vino
1581 1533 1856 1603 indulgere

190 1626 388 1678 solebat
429 1625 788 1696 Djodhaima:
848 1628 1026 1697 itaque
1068 1627 1328 1679 Rikascha
1369 1646 1493 1679 cum
1531 1646 1595 1679 eo
1631 1646 1743 1679 rem
1783 1629 1856 1680 ita

189 1723 518 1784 constituit†‚
545 1733 606 1775 ut
631 1742 749 1775 eam
777 1723 869 1774 fibi
894 1743 926 1775 a
956 1724 1281 1795 Djodhaima
1307 1725 1361 1774 in
1390 1742 1611 1775 uxorem
1640 1733 1854 1793 expete-
1925 1742 1949 1784 †
1970 1737 2058 1773 vid.
2086 1736 2175 1773 Mo-

190 1828 286 1880 ret,
315 1837 440 1870 cum
466 1819 593 1869 vino
618 1819 789 1870 victus
825 1828 878 1870 et
917 1820 1111 1871 mentis
1153 1820 1326 1887 impos
1354 1820 1494 1870 efl'et.
1574 1819 1763 1881 Adius,
1791 1839 1856 1871 ex
1898 1792 2156 1895 ’Ᾰᾞέῡζεὲῲ

189 1915 474 1966 constituto
502 1932 556 1965 re
578 1915 807 1984 peracta,
834 1915 1093 1984 veniaque
1131 1934 1161 1966 a
1194 1914 1521 1985 Djodhaima
1555 1916 1853 1984 impetrata,

189 2029 314 2061 cum
343 2010 603 2061 Rikascha
628 2028 741 2061 rem
765 2011 968 2062 habuit.
1018 2010 1226 2062 Postero
1254 2010 1337 2060 die
1357 2009 1701 2080 Djodhaima,
1726 2030 1854 2082 cog-

189 2106 303 2157 nito
343 2107 486 2175 quod
526 2106 707 2157 actum
749 2106 938 2166 fuerat,
980 2106 1284 2175 indignatus
1331 2106 1435 2157 est:
1497 2105 1635 2176 fugit
1675 2107 1854 2175 itaque

188 2201 377 2263 Adius‚
414 2219 574 2270 quem
614 2210 795 2252 tamen
831 2220 860 2252 a
897 2200 1224 2271 Djodhaima
1256 2211 1474 2270 captum
1513 2201 1854 2271 occisumque

188 2297 335 2348 fuiffe
370 2297 585 2366 quidam
624 2296 879 2347 referunt.
960 2296 1143 2351 Quum
1179 2314 1304 2347 vero
1344 2296 1605 2348 Rikascha
1637 2316 1703 2348 ex
1728 2297 1854 2349 Adii

188 2393 477 2444 concubitu
500 2392 715 2462 gravida
736 2391 880 2446 facta
901 2392 1043 2454 estet,
1067 2410 1183 2444 eam
1207 2392 1279 2444 ita
1305 2392 1564 2444 allocutus
1584 2395 1656 2446 est
1681 2393 1852 2465 Djod-

187 2488 380 2539 haima.

261 2586 357 2634 Die
383 2586 514 2643 mihi,
543 2585 788 2643 Rikascha‚
824 2602 911 2633 nec
945 2587 1214 2641 mentiaris;
1245 2603 1362 2634 -eum
1389 2587 1612 2651 ingenuO,
1648 2603 1707 2634 an
1741 2604 1849 2634 cum

335 2680 527 2744 ignobili
554 2680 749 2727 scortata
773 2681 856 2727 es?

260 2779 339 2825 An
373 2795 482 2825 vero
515 2796 625 2825 cum
662 2778 816 2825 servo?
852 2788 899 2825 et
932 2787 1059 2826 certe
1087 2779 1213 2826 servo
1247 2780 1388 2844 digna
1413 2789 1466 2828 tu
1491 2798 1570 2827 es:
1609 2798 1668 2828 an
1703 2782 1851 2845 magis

332 2888 443 2918 cum
470 2871 656 2917 viliore?
684 2880 731 2917 et
756 2872 921 2935 utique
946 2872 1089 2935 digna
1112 2889 1160 2918 es
1184 2872 1358 2920 viliore.

188 2961 326 3023 Im0,
355 2963 532 3031 inquit
559 2962 834 3024 Rikascha,
863 2981 987 3014 cum
1019 2964 1260 3015 Arabum
1299 2966 1635 3016 nobilissimo.
1720 2965 1848 3017 Rik-

185 3057 342 3108 ascha
368 3058 544 3125 itaque
572 3058 740 3108 filium
770 3056 1058 3108 masculum
1087 3060 1310 3127 peperit,
1334 3079 1564 3129 eumque
1586 3061 1846 3122 educavit,

953 3150 974 3185 3
997 3139 1033 3174 T
1056 3151 1075 3175 2

2205 425 2211 618 ἔ
