2498 3575
454 324 555 377 542

419 2021 456 2057 P.
478 2019 566 2067 464.

1258 309 1768 353 EXCERPTA

694 489 1162 557 quemadmodum,
1214 485 1331 538 Deo
1380 496 1666 546 annuente,
1709 486 1883 554 postea
1932 486 2108 537 sumus
2154 503 2330 537 narra-

696 583 813 633 turi.

769 675 850 727 Ex
875 675 1152 726 illustribus
1181 673 1527 725 Berberorum
1551 674 1791 724 tribubus
1812 672 1931 724 sunt
1951 673 2110 724 etiam
2137 672 2332 743 Barga-

697 771 912 829 watitae‚
940 769 1032 837 qui
1055 768 1388 828 Temesnam‚
1415 767 1687 836 partesque
1725 767 1855 818 Salae
1888 775 2152 835 occupant
2182 767 2336 835 juxta

662 838 871 915 *littora
915 862 1130 913 Oceani.
1209 862 1447 913 Berberis
1492 862 1631 913 idem
1677 879 1791 912 mos
1836 862 1908 912 est
1948 879 2009 912 ac
2054 860 2334 920 ArabibuS,

697 958 998 1009 solitudines
1025 956 1288 1007 incolendi
1310 977 1320 1007 :
1353 956 1587 1026 linguam
1615 956 1813 1006 habent
1832 955 1898 1006 ab
1919 955 2144 1006 Arabica
2165 955 2335 1006 diver-

698 1052 822 1103 sam.
902 1050 1180 1102 Referente
1226 1049 1547 1111 Ebn-Saido,
1588 1050 1781 1119 linguae
1819 1067 2002 1100 eorum
2042 1049 2108 1100 ab
2143 1047 2336 1100 eisdem

699 1146 966 1215 principiis
1007 1154 1153 1205 ortae,
1188 1145 1259 1194 ita
1294 1153 1471 1194 tamen
1512 1144 1566 1194 in
1606 1143 1803 1201 diversa
1840 1143 2098 1203 abierunt,
2137 1151 2196 1193 ut
2234 1141 2339 1193 sese

699 1240 947 1300 invicem,
976 1238 1068 1289 nifi
1094 1239 1330 1289 adhibito
1357 1238 1656 1305 interprete,
1686 1255 1795 1288 non
1821 1237 2134 1308 intelligant.

1368 1456 1456 1508 De
1478 1456 1668 1509 Aditis.

776 1614 951 1666 Aditae
997 1613 1183 1682 posteri
1228 1613 1348 1664 sunt
1389 1613 1494 1664 Adi
1539 1613 1632 1664 filii
1674 1613 1819 1674 Aufi‚
1865 1614 1958 1664 filii
2002 1613 2205 1674 Arami,
2250 1613 2343 1663 filii

704 1709 863 1770 Semi,
891 1709 983 1759 filii
1008 1707 1158 1758 Noae.
1239 1706 1404 1758 Erant
1437 1716 1614 1758 autem
1642 1707 1818 1759 Aditae
1849 1708 1945 1758 viri
1982 1726 2213 1777 procerae
2246 1709 2342 1759 rad-

706 1804 925 1855 modum
953 1803 1176 1862 staturae,
1203 1810 1257 1852 et
1281 1801 1541 1871 giganteae
1570 1801 1908 1852 fortitudinis.
1987 1801 2104 1852 Post
2139 1802 2344 1871 lingua-

706 1916 821 1949 rum
861 1896 1220 1948 confufionem
1250 1895 1426 1946 Aditae
1453 1894 1911 1946 Hadhramautum
1938 1896 2220 1963 petierunt,
2247 1895 2345 1946 ibi·
2417 1919 2422 1922 ·

707 2010 808 2061 que
834 1992 1152 2042 habitarunt.
1229 1989 1318 2040 Ad
1351 1989 1537 2040 Aditas
1578 1989 1715 2041 mifit
1748 1988 1895 2040 Deus
1931 1989 2186 2041 Houdum
2222 2008 2346 2059 pro-

706 2088 940 2156 phetam,
967 2093 1124 2153 prout
1139 2085 1254 2153 jam
1281 2082 1477 2134 dietum
1503 2083 1574 2134 est
1600 2083 1756 2153 hujus
1789 2083 1907 2133 libri
1941 2084 2110 2152 capite
2135 2083 2308 2153 primo
2332 2105 2344 2145 ;

709 2181 793 2232 cui
819 2189 997 2231 tamen
1023 2178 1198 2230 Aditae
1227 2177 1664 2228 nonobedientes
1691 2177 1741 2228 se
1766 2178 2135 2228 exhibuerunt.
2182 2177 2350 2228 Erant

708 2283 883 2325 autem
911 2291 1040 2343 gens
1067 2272 1340 2322 fortiffima
1359 2279 1413 2321 et
1439 2271 1735 2338 praevalida,
1758 2280 1812 2322 et
1836 2271 1891 2322 in
1919 2279 2056 2322 terra
2080 2271 2346 2322 fortitudi-

712 2369 790 2419 nis
828 2368 929 2418 suae
968 2367 1297 2417 monimenta
1338 2365 1657 2432 reliquerant
1699 2383 1891 2435 magna
1932 2366 2168 2427 aedificia,
2206 2366 2347 2416 unde

709 2463 906 2514 facium
933 2463 1004 2512 est
1031 2471 1089 2511 ut
1114 2477 1202 2511 eos
1229 2459 1300 2510 ita
1324 2459 1677 2527 alloqueretur
1703 2457 1927 2509 Houdus
1949 2479 1959 2510 :
1992 2466 2025 2487 “
2047 2458 2348 2528 Numquid⁸

763 2613 779 2631 ⁸
808 2608 935 2644 Alcor.
958 2607 1038 2643 Sur.
1060 2606 1122 2642 26.
1142 2618 1177 2642 v.
1199 2604 1284 2640 128.
1300 2610 1335 2640 et
1352 2603 1424 2652 seq.
1463 2604 1578 2640 Hunc
1597 2603 1720 2640 locum
1743 2604 1795 2640 ita
1815 2604 2078 2654 interpretatur
2095 2604 2347 2642 Beidhawius:

710 2683 883 2732 “fignum
900 2697 912 2717 .·
943 2681 968 2718 i.
985 2695 1015 2717 e.
1044 2686 1086 2716 ut
1113 2680 1181 2715 sint
1201 2679 1239 2715 in
1260 2680 1403 2728 signum
1429 2677 1630 2713 viatoribus
1648 2691 1655 2713 :
1687 2676 1848 2721 ludentes,
1866 2679 1956 2714 dum
1977 2691 2019 2714 ea
2037 2677 2242 2721 aedificatis,
2262 2678 2347 2727 qui·

712 2761 738 2777 “
759 2757 825 2792 bus
847 2769 939 2804 opus
959 2768 1031 2792 nou
1052 2756 1186 2790 habent
1203 2753 1370 2796 viatores,
1383 2752 1448 2801 qui
1469 2751 1501 2788 se
1522 2752 1697 2788 astrorum
1719 2752 2032 2801 contemplatione
2053 2752 2090 2789 in
2112 2751 2183 2789 suis
2204 2752 2347 2789 itineri·
2384 2770 2390 2800 3

712 2835 736 2849 “
758 2830 824 2865 bus
850 2830 1043 2878 dirigunt:
1076 2828 1132 2864 vel
1153 2827 1334 2877 significat
1354 2825 1561 2863 columbaria
1588 2826 1643 2862 vel
1669 2824 1818 2872 aedificia
1845 2826 1881 2862 in
1907 2840 1992 2876 quae
2017 2827 2284 2863 conveniebant
2303 2827 2347 2863 ad
2385 2832 2389 2881 ξ

713 2908 738 2924 “
761 2904 988 2940 illudendum
1009 2902 1060 2939 eis
1081 2903 1145 2951 qui
1166 2903 1265 2951 apud
1284 2915 1343 2939 eos
1362 2903 1564 2939 transibant
1583 2917 1590 2938 :
1622 2903 1678 2939 vel
1693 2902 1830 2952 palatia
1847 2902 1983 2951 quibus
2001 2903 2280 2952 gloriabantur:
2311 2909 2347 2940 et

714 2982 739 2997 “
759 2976 905 3022 aedificia
928 2976 1134 3026 construens,
1154 2976 1178 3013 i.
1196 2989 1227 3012 e.
1257 2989 1437 3025 aquarum
1459 2976 1701 3025 receptacula,
1721 2977 1789 3018 vel,
1809 2982 1850 3013 ut
1876 2976 1957 3012 aliis
1983 2977 2115 3025 placet,
2145 2977 2288 3014 castella
2312 2984 2348 3014 et
2385 2970 2389 2997 ἶ

2385 2737 2389 2762 Ι

2385 2886 2389 2965 ἰ

715 3054 742 3071 “
761 3063 859 3087 arces
880 3049 1135 3086 munitiffimas
1152 3065 1160 3086 :
1193 3051 1291 3087 Forte
1310 3063 1373 3087 vos
1401 3050 1472 3098 estis
1493 3049 1724 3099 perennaturi,
1746 3049 1899 3098 ideoque
1917 3063 1961 3086 ex
1979 3049 2086 3087 firma
2107 3049 2348 3087 aedificatione
2385 3088 2388 3113 Ι

2385 3116 2389 3136 Ι
