2498 3575
753 303 1170 348 NOTAE.

142 489 303 543 matiis
341 507 441 542 una
473 507 597 541 cum
636 488 807 560 lapide
841 483 993 561 nigro
1015 487 1304 540 auferretur
1328 499 1540 538 cautum
1565 487 1784 538 aedituo-

144 606 263 639 rum
294 586 584 658 diligentia,
621 586 713 657 qui
747 603 867 637 eum
903 586 956 636 in
989 584 1218 656 quodam
1250 602 1278 635 e
1305 582 1570 634 montibus
1599 583 1786 634 Meccae

144 682 531 735 absconderant.
598 682 746 734 Idem
783 680 870 733 hic
903 681 1028 752 lapis
1066 679 1165 732 effe
1193 679 1398 731 videtur
1425 678 1486 729 de
1516 695 1620 748 quo
1645 679 1784 729 affir-

146 796 285 830 mare
311 775 727 829 Mahammedanos
752 777 868 829 ideo
894 776 958 828 ab
985 777 1096 848 ipsis
1117 776 1297 847 magni
1324 774 1436 826 fieri
1455 773 1593 844 quod
1613 772 1786 824 Abra-

145 873 313 924 lzamus
332 872 481 944 super
501 892 564 924 eo
580 891 701 924 cum
718 874 892 943 Agare
917 873 1115 932 coierit,
1139 884 1226 923 aut
1252 870 1513 922 camelum
1541 871 1589 920 ei
1607 869 1787 940 alliga-

147 969 280 1020 verit
317 987 440 1020 cum
474 967 694 1039 {limeum
730 967 1100 1019 sacrificaturus
1133 967 1274 1027 effet,
1314 965 1542 1018 afferitur
1575 965 1640 1016 ab
1680 965 1790 1015 Eu-

148 1063 339 1136 thymi0‚
367 1076 420 1115 et
445 1065 499 1115 in
527 1064 770 1133 Cateclzcss
794 1065 1169 1115 Saracenorum:
1191 1063 1366 1133 jacere
1393 1062 1533 1114 enim
1558 1062 1628 1112 ait
1653 1059 1793 1112 hunc

149 1160 374 1230 lapidem
401 1161 454 1211 in
491 1160 666 1211 medio
692 1158 783 1210 02²>ae
808 1157 881 1218 τῆς
919 1156 1062 1222 εὐχῆς,
1093 1159 1231 1230 quod
1257 1159 1319 1209 de
1347 1157 1448 1209 hoc
1485 1156 1648 1227 lapide
1684 1157 1794 1227 (in-

153 1255 435 1326 telligendo
471 1274 576 1306 non
613 1255 770 1327 ipsam
815 1253 1048 1315 Ccmbczm,
1086 1255 1171 1306 sed
1204 1254 1522 1324 peristylium
1554 1252 1681 1304 illud
1718 1251 1794 1302 al·-

153 1349 354 1420 Mesjjad
371 1351 428 1417 ql
445 1350 616 1402 haram
655 1349 878 1419 dictum)
912 1351 1157 1402 affirmari
1193 1350 1379 1421 potest,
1408 1368 1530 1401 cum
1556 1348 1684 1419 lapis
1713 1348 1795 1398 ni-

156 1465 248 1519 ger
286 1444 468 1497 Caczbae
503 1465 653 1498 muro
686 1446 875 1498 infixus
914 1446 991 1497 s1t.
1059 1446 1268 1498 Fabulae
1306 1458 1483 1497 autem
1517 1444 1597 1495 isti
1623 1443 1685 1495 de
1713 1462 1796 1494 ra-

155 1543 298 1595 tione
326 1542 394 1594 ob
421 1561 581 1613 quam
606 1542 671 1593 ab
707 1542 804 1593 illis
840 1541 1037 1594 honore
1071 1543 1322 1594 afficiatur
1347 1524 1503 1612 (cum
1537 1537 1666 1591 nihil
1698 1539 1797 1590 tale

156 1640 210 1690 in
243 1657 427 1690 eorum
463 1638 661 1709 scriptis
697 1628 908 1710 reperiri
936 1638 1140 1708 putem)
1182 1637 1355 1689 ansam
1381 1636 1605 1706 praebere
1632 1615 1825 1704 potuit

157 1734 257 1785 alia
291 1734 402 1794 ista,
439 1753 596 1804 quam
628 1735 742 1804 jam
778 1734 1139 1794 recensuimus,
1175 1733 1236 1785 de
1265 1752 1426 1784 uxore
1454 1730 1662 1803 [fhmelis
1688 1749 1801 1801 quae

159 1842 312 1900 caput
348 1830 425 1880 illi
460 1829 748 1890 mundaret,
790 1830 960 1901 lapide
999 1830 1092 1881 isto
1127 1829 1341 1899 pedibus
1381 1829 1490 1898 ejus
1525 1826 1799 1897 supposito.

163 1928 244 1977 Ac
281 1938 420 1976 certe
449 1925 687 1976 videntur
712 1924 844 1976 mihi
870 1924 1112 1976 authores
1139 1925 1221 1976 isti
1252 1922 1566 1995 (Euthymi‘zts
1592 1922 1803 1982 scilicet,

165 2034 218 2072 et
255 2019 441 2072 author
481 2019 800 2090 Cateclzejsi’os)
843 2021 906 2072 de
946 2040 1050 2072 uno
1086 2021 1252 2091 lapide
1298 2020 1550 2071 affirmare
1593 2037 1706 2089 quae
1745 2017 1807 2067 ad

165 2116 293 2168 duos
341 2115 589 2186 (alterum
628 2135 779 2167 muro
821 2116 1064 2178 infixum,
1102 2117 1324 2168 alterum
1366 2116 1419 2166 in
1459 2128 1592 2166 terra
1623 2114 1807 2183 jacen-

167 2211 300 2281 tem)
343 2212 669 2282 pertineant:
713 2231 1011 2283 quanquam
1045 2212 1375 2288 omnIa‘quae
1409 2211 1581 2261 dicant
1607 2209 1668 2260 ad
1692 2208 1807 2279 pos-

166 2308 412 2359 teriorem
448 2307 602 2358 istum
639 2321 805 2394 &³24³
846 2321 944 2395 (ω
984 2308 1190 2359 Makam
1216 2306 1478 2367 Abrahim,
1513 2306 1620 2356 imo
1647 2317 1698 2355 et
1727 2305 1807 2374 ip-

170 2402 284 2453 sum
327 2421 520 2453 nomen
571 2403 655 2472 (ut
698 2402 906 2471 volunt)
957 2401 1196 2474 Βρωχθέιν,
1242 2400 1422 2454 referri
1466 2400 1687 2471 poffint:
1726 2398 1811 2449 sed

171 2498 261 2550 vix
301 2497 610 2550 crediderim
654 2496 809 2567 hujus
851 2497 1021 2559 solius,
1063 2497 1244 2549 omisso
1282 2498 1445 2548 altero
1479 2496 1635 2567 longe
1671 2495 1815 2545 cele-‘

173 2592 346 2654 briori,
389 2591 584 2644 famam
622 2593 685 2644 ad
726 2592 852 2662 ipsos
900 2592 1199 2663 perveniffe.
1266 2592 1413 2644 Alius
1459 2591 1532 2643 est
1573 2602 1625 2642 et
1665 2590 1812 2660 lapis,

175 2690 266 2760 qui
303 2707 410 2759 quo
447 2689 501 2739 in
536 2687 734 2740 honore
770 2688 907 2759 apud
934 2687 1125 2739 Arabes
1151 2688 1409 2739 idolorum
1436 2687 1659 2738 cultores
1688 2686 1816 2736 olim

175 2783 351 2845 fuerit,
379 2784 640 2835 incertum
656 2809 672 2845 3
706 2783 818 2853 jam
845 2802 968 2835 vero
994 2802 1084 2854 pro
1111 2782 1320 2854 Ismaelis
1346 2781 1618 2854 sepulchro
1653 2781 1816 2832 habe-

177 2891 278 2931 tur.
343 2879 597 2930 Meminit
636 2878 747 2948 ejus
787 2878 975 2930 nobilis
1015 2856 1202 2930 author
1231 2876 1632 2948 Slzarffo'lEdrist
1669 2881 1701 2913 ÷÷÷
1737 2878 1818 2947 (ut
1898 2893 1922 2916 ->÷
1951 2888 2099 2926 stacam

179 2973 336 3044 vulgo
361 2973 527 3041 audit)
571 2973 624 3024 in
650 2973 784 3025 libro
810 2974 965 3026 titulo
989 2987 1139 3026 tenus
1171 2973 1450 3034 notiffimO,
1487 2973 1679 3024 scilicet
1713 2987 1818 3050 3233
1861 2944 2031 3034 ζζΐῐέεᾜῑζ
2051 2944 2120 3033 {⁵⁸

183 3076 356 3129 Qum
384 3078 587 3142 gabis}
614 3089 644 3138 g
673 3079 892 3131 ε-ἐωεῴἱ
930 3069 964 3121 i.
995 3089 1043 3121 e.
1094 3069 1307 3141 Egrcffo
1341 3069 1568 3140 cupientis
1606 3067 1673 3119 ad
1695 3079 1816 3137 per-
1864 3051 2124 3144 {Eg-hamum-
