2498 3575
657 294 769 336 EX
826 295 1368 338 ABULFEDA.

648 515 735 568 De
741 514 880 586 filiis
904 515 1179 586 Amrifiliz'
1206 515 1378 569 Sabce.

261 663 421 718 Quod
456 681 580 714 vero
615 664 681 714 ad
718 662 942 715 familias
968 664 1176 725 attinet,
1205 683 1322 733 quae
1350 666 1607 735 originem
1637 666 1841 717 ducunt

183 758 250 809 ab
293 758 465 809 Amro
505 758 655 810 Sabae
695 759 823 820 filio,
864 777 930 810 ex
968 760 1071 810 hoc
1114 778 1338 811 numero
1385 761 1505 811 sunt
1543 760 1840 812 Lakhmitae

183 852 429 904 Lakhmo
456 853 683 914 oriundi,
706 854 816 904 filio
842 853 986 915 Adii,
1009 855 1102 905 filii
1128 855 1302 916 Amri,
1325 856 1417 906 filii
1447 855 1612 906 Sabae.
1663 855 1838 906 Lakh-

182 948 326 999 mitis
347 948 691 1000 accensentur
712 948 931 1010 Daritae,
951 967 980 1000 e
1002 950 1192 1018 quibus
1216 949 1317 1000 fuit
1337 950 1385 1000 T
1387 950 1613 1000 amimus
1635 949 1837 1011 Darita,

181 1043 349 1094 socius
376 1044 593 1112 apostoli
619 1043 738 1096 Dei.
811 1043 856 1095 E
882 1044 1178 1096 Lakhmitis
1206 1063 1417 1114 quoque
1444 1044 1563 1095 sunt
1591 1045 1839 1095 Mondari

182 1157 330 1209 reges
358 1138 522 1201 Hirae,
551 1141 642 1208 qui
667 1148 907 1192 autorem
941 1140 1208 1191 habebant
1234 1139 1463 1191 Amrum
1500 1140 1668 1191 filium
1696 1140 1838 1202 Adii,

181 1235 276 1286 filii
301 1234 470 1296 Nasri‚
492 1235 850 1287 Lakhmitam.
903 1234 1036 1287 Haec
1058 1235 1293 1305 dynastia
1320 1236 1458 1287 inter
1478 1235 1716 1286 Arabum
1741 1237 1837 1305 dy-

183 1330 369 1381 nastias
397 1331 627 1382 maxima
653 1340 707 1382 et
731 1331 999 1400 praecipua
1023 1330 1141 1392 fuit,
1166 1339 1218 1381 et
1245 1332 1310 1382 de
1336 1332 1409 1381 eis
1432 1332 1590 1382 verba
1616 1331 1839 1382 fecimus

181 1426 236 1476 in
271 1426 442 1495 capite
478 1436 684 1494 quart0,
712 1426 790 1477 uti
817 1435 868 1477 et
895 1427 960 1477 de
989 1427 1190 1478 caeteris
1217 1427 1455 1477 Arabum
1484 1426 1712 1495 regibuS,
1741 1444 1838 1476 nec

180 1523 364 1572 eadem
392 1522 579 1573 iterare
607 1539 738 1590 opus
765 1522 852 1573 est.
921 1520 1284 1592 Djodhamitae
1312 1539 1524 1590 quoque
1552 1538 1838 1572 numeran-

180 1625 266 1667 tur
287 1616 425 1667 inter
447 1616 671 1667 familias
695 1617 885 1685 quibus
909 1626 1085 1667 ortum
1114 1617 1257 1667 dedit
1280 1615 1478 1667 Amrus
1504 1616 1642 1667 filius
1670 1616 1836 1668 Sabae.

177 1711 517 1782 Djodhamus
544 1712 705 1764 frater
729 1712 830 1763 fuit
855 1712 1085 1764 Lakhmi
1107 1732 1117 1763 ε
1161 1711 1449 1779 omnesque
1474 1710 1838 1781 Djodhamitae

177 1809 244 1860 ad
270 1807 572 1860 Hazamum
600 1818 654 1859 et
678 1807 1085 1877 Djosthamum,
1113 1807 1249 1858 filios
1278 1805 1569 1876 Djodhami
1597 1806 1834 1857 referun-

176 1913 291 1957 tur:
321 1904 407 1956 sed
430 1903 725 1955 Hazamitae
746 1922 971 1955 numero
992 1913 1045 1954 et
1064 1903 1205 1954 fama
1224 1903 1629 1972 praevaluerunt.
1682 1901 1727 1952 E
1751 1920 1831 1952 ra-

177 2001 276 2052 mis
297 1999 628 2070 Djoschami‚
651 2000 746 2052 filii
771 1998 1082 2070 Djodhami,
1106 1999 1179 2049 est
1204 1997 1426 2049 Otaibus
1453 1997 1589 2048 filius
1616 1997 1831 2049 Assami.

602 2210 833 2282 Defiliis
857 2208 1201 2280 Asckarifiliz‘
1229 2207 1401 2262 sabae.

256 2382 477 2435 Aschari
523 2381 617 2433 filii
662 2380 954 2433 Ascharitae
1001 2379 1289 2431 dicuntur:
1355 2378 1421 2428 ad
1466 2394 1555 2428 eos
1599 2377 1829 2445 pertinet

172 2476 554 2531 Abou-Mousa
579 2475 856 2529 Ascharita
880 2474 1209 2527 Abdallahus
1236 2472 1373 2525 filius
1400 2470 1558 2523 Kaifi.

767 2689 854 2742 De
861 2687 998 2759 filiis
1019 2684 1238 2740 Ameloe.

245 2861 359 2913 Filii
397 2860 605 2913 Amelae
648 2859 786 2911 inter
829 2857 1053 2910 familias
1099 2871 1312 2925 quoque
1352 2861 1826 2914 connumerantur,

172 2975 308 3026 quae,
334 2955 575 3008 Yemana
608 2956 677 3006 ob
714 2954 889 3006 Arimi
924 2952 1181 3004 diluvium
1216 2949 1411 3010 relicta,
1447 2948 1651 3017 Syriam
1689 2947 1825 3015 peti-

171 3061 344 3113 erunt,
380 3060 434 3103 et
469 3068 636 3122 prope
674 3048 997 3101 Damascum
1034 3045 1384 3098 consederunt
1417 3044 1472 3094 in
1505 3051 1688 3094 monte
1722 3042 1837 3092 hu·-

1985 309 2089 362 559

1915 531 1953 566 Ρ·
1974 540 2066 580 479·
