2498 3575
385 1156 422 1191 P.
442 1153 534 1203 465.

1228 309 1737 353 EXCERPTA

664 492 804 542 sedes
840 490 1232 550 transtulerunt,
1264 488 1552 558 gentesque
1587 485 1946 537 internecione
1979 484 2302 542 deleverunt,

664 603 780 654 quae
807 585 945 635 bello
971 601 1060 634 eos
1087 591 1513 651 provocaverant.
1574 580 1989 631 Amalecitarum
2016 596 2134 647 pars
2160 595 2305 646 quae-

664 681 783 729 dam
813 679 865 728 in
895 678 1043 746 Syria
1069 677 1324 727 insederat
1348 697 1358 727 :
1401 676 1457 726 hi
1483 676 1602 725 sunt
1627 674 1868 725 adversus
1895 691 2026 741 quos
2051 671 2307 741 pugnavit

668 771 895 841 MoyseS,
927 781 981 821 et
1015 771 1128 839 post
1165 788 1286 821 eum
1328 769 1502 830 Josua,
1540 768 1774 837 quosque
1807 770 2306 818 exterminaverunt.

668 867 748 918 Ex
774 867 853 916 his
881 865 1087 916 oriundi
1109 874 1258 915 erant
1285 864 1579 914 Pharaones
1601 863 1828 932 AEgypti
1852 883 1862 913 :
1904 879 1970 914 ex
1991 861 2071 911 his
2097 877 2310 929 quoque

668 961 938 1012 Yatribam
965 970 1017 1010 et
1046 959 1369 1009 Khaibarum
1395 959 1607 1026 quidam
1634 957 1986 1026 potiede1·u1]t‚
2013 954 2310 1022 vicinasque

670 1057 823 1124 hujus
851 1055 1045 1105 tra6tus
1072 1054 1326 1122 regiones.
1404 1051 1488 1102 De
1517 1053 1597 1102 his
1624 1060 1776 1102 autor
1802 1051 1919 1101 libri
1944 1049 2122 1120 Agam'
2147 1049 2272 1101 dicit
2297 1069 2308 1099 ε

671 1147 803 1199 Haec
843 1146 993 1198 causa
1028 1147 1128 1196 fuit
1166 1164 1325 1214 quare
1350 1145 1519 1196 Judaei
1549 1145 1894 1204 Khaibarum,
1921 1143 2149 1212 aliosque
2175 1143 2310 1194 Hid-

667 1243 768 1310 jazi
796 1243 989 1292 tractus
1012 1241 1363 1300 incoluerunt,
1385 1241 1526 1308 quod
1548 1239 1760 1307 Moyses
1779 1251 1799 1272 ἃ
1832 1239 2121 1289 exercitum
2157 1237 2310 1288 mise-

673 1348 749 1387 rat
776 1337 840 1386 ad
866 1335 1187 1386 Amalecitas
1213 1335 1620 1404 impugnandos,
1648 1334 1736 1401 qui
1766 1332 2034 1393 Rhaibari,
2061 1332 2310 1392 Yatribae,

672 1441 828 1498 atque
855 1430 910 1479 in
935 1429 1045 1479 aliis
1073 1428 1279 1498 Hidjazi
1306 1429 1432 1479 locis
1460 1428 1600 1478 sedes
1629 1429 1925 1478 habebant:
1968 1435 2311 1495 praeceperat-

674 1543 775 1592 que
812 1508 928 1592 ipsis
965 1523 1194 1592 Moyses,
1223 1533 1281 1572 ut
1309 1523 1628 1573 Amalecitas
1666 1523 2027 1575 internecione
2061 1522 2311 1582 delerent,

677 1620 987 1686 nullumque
1013 1636 1078 1667 ex
1103 1617 1175 1667 eis
1202 1617 1524 1684 superstitem
1550 1617 1651 1667 efl'e
1676 1626 1994 1684 paterentur.
2045 1616 2313 1667 Profectus

675 1714 760 1763 hic
803 1713 1060 1763 exercitus
1106 1710 1426 1761 Amalecitas
1473 1711 1750 1762 debellavit
1794 1720 1847 1761 et
1888 1710 2186 1761 interfecit:
2230 1710 2313 1760 sed

675 1809 783 1858 filio
824 1808 957 1876 regis
1000 1816 1361 1874 pepercerunt,
1397 1806 1652 1873 illumque
1691 1806 1745 1855 in
1786 1805 1989 1874 Syriam
2023 1805 2196 1856 secum
2234 1823 2312 1855 re-

677 1904 954 1952 duxerunt.
998 1901 1176 1950 Morte
1203 1909 1330 1950 tunc
1357 1899 1634 1950 defunctus
1657 1911 1765 1950 erat
1788 1899 1999 1969 Moyses
2022 1920 2033 1950 ε
2075 1899 2192 1967 ipsis
2217 1899 2314 1968 igi-

679 2007 762 2047 tur
788 1997 1031 2045 dixerunt
1057 1995 1228 2044 caeteri
1261 1993 1534 2045 Israelitae:
1579 2002 1610 2022 “
1638 1993 1875 2044 Rebelles
1906 1993 2084 2054 fuistis,
2112 2002 2165 2044 et
2187 2012 2315 2044 con·
2384 2045 2386 2047 ,

680 2099 710 2117 “
743 2101 819 2139 tra
863 2089 1169 2139 mandatum
1210 2088 1357 2138 vobis
1396 2089 1578 2138 datum
1619 2089 1822 2157 egistis3
1863 2088 2039 2155 itaque
2076 2106 2169 2139 vos
2208 2107 2316 2139 non

682 2192 712 2211 “
744 2181 1105 2250 recipiemus.''
1148 2181 1270 2235 Quo
1291 2183 1488 2242 audito,
1512 2182 1584 2232 illi
1612 2183 1712 2232 hoc
1739 2182 2010 2232 confilium
2038 2192 2314 2250 ceperunt:

683 2287 712 2305 “
746 2277 1087 2327 Revertamur
1121 2277 1175 2325 in
1209 2276 1478 2344 regionem
1510 2294 1669 2344 quam
1697 2276 1854 2326 armis
1881 2276 2198 2346 subegimus,
2225 2296 2316 2328 cu-

684 2380 714 2398 “
735 2371 922 2440 jusque
945 2371 1139 2420 incolas
1162 2369 1500 2420 delevimus.’'
1539 2370 1747 2419 Reverfi
1768 2369 1888 2420 sunt
1909 2371 2068 2440 igitur
2088 2369 2319 2422 Khaiba-

686 2484 820 2525 rum,
856 2464 1145 2523 >Yatribam5
1179 2474 1337 2531 atque
1372 2464 1425 2513 in
1460 2464 1582 2514 alias
1619 2463 1826 2532 Hidjazi
1862 2465 2132 2533 regiones:
2179 2474 2234 2516 et
2265 2465 2318 2515 in

653 2569 657 2639 ι
686 2560 786 2608 istis
834 2559 1131 2626 regionibus
1179 2539 1501 2607 domicilium
1552 2558 1750 2608 tamdiu
1796 2559 2110 2620 habuerunt,
2153 2560 2321 2610 donec

686 2652 879 2701 Aufitae
906 2662 960 2701 et
986 2651 1336 2720 Khazredjitae
1375 2669 1440 2700 ex
1475 2651 1713 2707 Yemana
1750 2654 2037 2703 concedere
2062 2654 2229 2704 coacti
2255 2655 2322 2703 ob

688 2747 939 2796 diluvium
983 2746 1172 2805 Arimi,
1214 2745 1350 2813 inter
1390 2758 1479 2794 eo‘s
1522 2745 1693 2795 sedem
1735 2746 1978 2796 fixerunt.
2055 2746 2163 2797 Alii
2201 2765 2324 2798 vero

689 2841 887 2900 dicunt,
914 2839 1126 2889 Judaeos
1163 2840 1216 2888 in
1255 2838 1481 2907 Hidjazo
1515 2839 1843 2919 domicilium
1884 2840 2086 2907 cepiffe,
2114 2842 2324 2908 quando

741 2988 754 3004 ²
785 2984 826 3018 In
860 2982 1027 3031 margine
1055 2983 1191 3018 codicis
1210 2966 1295 3033 ''5515
1327 2959 1461 3032 aliquis
1492 2969 1688 3033 adscripsit,
1727 2978 1919 3040 Jffssbw
1952 2981 2002 3032 Δ.)
2045 3001 2171 3038 5⁴⁹5*
2205 2985 2234 3022 X
2263 3000 2325 3023 non

690 3054 833 3102 dhyses„
857 3054 918 3088 imo
937 3065 1016 3089 vero
1039 3052 1188 3090 Samuel.
2047 3041 2070 3050 '⁶

658 3031 661 3041 ι

655 2885 661 3028 l

658 3050 663 3119 ι
