2498 3575
394 313 495 382 566
1201 313 1709 355 EXCERPTA

633 483 808 533 locum
837 500 945 532 non
973 483 1150 543 habet,
1179 483 1361 534 multae
1388 491 1516 533 ortae
1549 482 1670 532 sunt
1704 481 1915 532 familiae
1941 501 1952 531 t
1993 498 2058 532 ex
2089 481 2276 530 harum

636 594 856 627 numero
890 576 1010 627 sunt
1042 578 1363 638 Temimitae,
1400 577 1688 636 Rebabitae,
1725 575 2034 635 Dhobbitae‚
2072 573 2277 625 Mozai-

635 672 794 722 uitae:
850 671 1155 723 Mozainitae
1194 672 1289 722 filii
1326 671 1445 721 sunt
1489 671 1661 731 Amri,
1703 670 1795 720 filii
1838 669 1995 729 Oddi,
2039 669 2131 719 filii
2173 668 2277 719 Ta-

634 766 838 825 bekhae,
885 766 975 833 qui
1021 784 1218 816 nomen
1261 766 1426 816 sortiti
1469 765 1590 816 sunt
1627 783 1658 815 a
1699 773 1864 815 matre
1904 763 1992 814 sua
2030 762 2280 813 Mozaina

632 859 736 909 filia
762 859 930 919 Calbi,
959 860 1051 910 filii
1078 859 1314 911 Wabrae.

706 953 960 1004 Modreca
993 954 1131 1004 filius
1166 954 1337 1023 Elyasi
1373 963 1548 1005 ortum
1584 954 1728 1005 dedit
1755 952 2081 1011 Kbozaimae,
2109 952 2199 1020 qui
2225 952 2278 1002 in

631 1049 938 1117 genealogia
961 1049 1356 1099 Mohammedis
1378 1050 1556 1100 locum
1575 1050 1752 1107 habet,
1773 1057 1826 1099 et
1848 1047 2115 1098 Hodhailo
2135 1055 2280 1098 extra

633 1142 864 1210 ejusdem
906 1143 1229 1212 genealogiae
1267 1144 1469 1194 seriem.
1550 1142 1846 1194 Hodhailus
1890 1142 1975 1192 ille
2019 1151 2168 1209 pater
2209 1142 2281 1192 est

633 1237 875 1287 omnium
911 1236 1335 1290 Hodhailitarum
1372 1237 1710 1298 familiarum,
1738 1255 1767 1287 e
1802 1255 2026 1305 quorum
2059 1254 2281 1286 numero

342 1342 380 1378 P.
402 1339 492 1389 487.
601 1281 606 1527 ι
633 1331 732 1381 fuit
751 1331 1077 1382 Abdallahus
1097 1332 1340 1383 Masoudi
1363 1333 1518 1394 filius,
1536 1333 1702 1384 socius
1721 1332 1937 1401 apostoli
1958 1330 2079 1392 Dei,
2098 1331 2282 1382 Abou-

633 1425 982 1486 DhowaibuS,
1008 1425 1331 1488 Hodhailita,
1358 1436 1532 1496 poeta,
1559 1427 1765 1495 aliique.

703 1519 1005 1570 ’Khozaima
1027 1521 1193 1571 filium
1217 1522 1402 1572 habuit
1430 1521 1727 1582 Kenanam,
1751 1522 1841 1590 qui
1869 1522 2004 1572 inter
2030 1521 2282 1572 Moham-
2336 1516 2340 1531 ‘

636 1615 802 1664 medis
832 1616 1052 1684 majores
1075 1615 1389 1676 recensetur,
1409 1625 1767 1684 praetereaque
1789 1616 2045 1667 Hounum
2074 1625 2127 1666 et
2152 1615 2283 1666 Asa-

605 1679 782 1796 [dum,
819 1709 1008 1776 quibus
1046 1709 1191 1760 locus
1233 1728 1341 1760 non
1375 1711 1452 1760 est
1491 1711 1544 1760 in
1587 1710 1712 1761 serie
1753 1711 2012 1780 majorum
2052 1711 2283 1779 ejusdem

606 1799 610 1876 ξ
640 1802 1050 1854 Mohammedis.
1123 1803 1209 1854 Ab
1238 1803 1438 1855 Houno
1464 1805 1722 1873 procreati
1749 1805 1867 1855 sunt
1893 1804 2177 1862 Adhalitae,
2198 1804 2287 1872 qui

639 1907 875 1947 autorem
905 1898 1134 1948 habuere
1161 1898 1432 1949 Adhalum
1460 1898 1645 1950 Houni
1671 1900 1839 1950 filium
1861 1921 1873 1960 ;
1896 1908 1959 1950 et
1983 1898 2285 1960 Daischitae,

638 2002 820 2042 autore
862 1991 1092 2043 Daischo
1133 1994 1241 2043 filio
1280 1992 1482 2054 Houni,
1522 1994 1716 2044 Adhali
1755 1994 1930 2044 fratre.
2007 1993 2145 2044 Duae
2184 1993 2286 2044 illae

640 2086 869 2147 familiae,
893 2087 1158 2138 Adhalitae
1185 2087 1379 2138 scilicet
1400 2098 1452 2138 et
1469 2087 1773 2149 Daischitae,
1793 2086 1999 2139 Allsara
2020 2089 2285 2139 dicuntur.

608 2162 724 2230 iAd
771 2180 1004 2231 Asadum
1056 2182 1224 2232 finum
1276 2182 1588 2233 Khozaimae
1632 2182 1892 2233 referendi
1936 2183 2190 2234 cahefitae
2233 2191 2287 2233 et

639 2273 1010 2336 Douadanitae,
1038 2276 1248 2344 aliique,
1280 2285 1333 2326 et
1370 2278 1435 2327 ad
1471 2278 1627 2346 hujus
1662 2276 1821 2327 Asadi
1859 2277 2092 2328 sobolem
2123 2277 2286 2346 perti-

609 2366 612 2376 ’
643 2378 771 2419 nent
797 2370 1098 2438 quicunque
1123 2370 1353 2422 Asaditae
1381 2371 1643 2422 dicuntur.

715 2463 952 2514 Kenanae
989 2463 1298 2515 Khozaimae
1325 2466 1433 2516 filio
1462 2475 1614 2515 natus
1640 2467 1712 2516 est
1735 2465 2000 2524 Nadhrus,
2021 2468 2121 2534 ¹qui
2153 2467 2290 2517 inter

641 2575 763 2607 avos
790 2559 1062 2626 prophetae
1090 2559 1266 2609 locum
1295 2554 1476 2610 habet:
1517 2560 1641 2610 huie
1667 2559 1886 2610 Nadhro
1908 2561 2082 2629 plures
2102 2560 2290 2611 fratres

642 2651 786 2701 fuere
819 2662 964 2702 extra
997 2653 1180 2703 seriem
1213 2671 1432 2704 avorum
1471 2653 1884 2716 Mohammedis,
1919 2673 2111 2722 nempe
2148 2654 2287 2705 Mal-

643 2763 821 2806 eanus,
842 2747 1228 2808 Abdmenatus,
1252 2748 1468 2808 Αηῃύε,
1489 2748 1734 2809 Amerus,
1752 2758 1805 2799 et
1823 2749 2078 2810 MaleCUS,
2096 2768 2288 2801 omnes

646 2838 865 2894 Kenana
886 2841 1068 2909 geniti.
1112 2841 1415 2892 Maleanitae
1443 2842 1691 2892 Malcano
1719 2844 1818 2893 orti
1846 2843 1989 2903 sunt;
2017 2844 2111 2894 filii
2136 2845 2289 2895 Abd-

647 2935 841 2984 menati
870 2935 920 2984 in
951 2936 1123 3002 plures
1151 2954 1322 2986 ramos
1351 2936 1518 2986 divisi:
1558 2936 1768 2997 scilicet,
1794 2936 2101 2998 Gaffaridas,
2120 2955 2287 3007 genus

645 3028 1000 3089 Aboudhorri,
1029 3029 1279 3091 Becritas,
1301 3032 1364 3080 ad
1393 3047 1523 3097 quos
1547 3031 1778 3099 pertinet
1804 3029 2057 3090 DoualuS,
2085 3049 2114 3081 e
2140 3033 2288 3100 cujus
