2498 3575
1284 313 1695 356 NOTAE.

681 513 759 547 ros
787 508 933 568 affixit
960 493 1328 546 Mota-Arabes
1354 504 1671 562 nuncupent,
1694 489 1910 551 Adndm‘,
1939 489 2078 561 quafi
2104 488 2308 559 longius

681 589 960 650 transsatos,
1000 603 1192 662 xistum
1231 587 1597 657 Most-Arabes,
1649 589 1916 657 (monente
1959 580 2308 655 Jallalo’ddin-

683 684 919 756 Aſj'oyutio
958 687 1008 736 in
1046 685 1175 736 libro
1214 683 1476 751 Mezlzar,)
1523 695 1728 733 neutros
1766 699 1856 751 pro
1894 678 2143 731 Arabibus
2170 676 2314 749 puris

682 780 990 851 reputandus
1014 804 1028 840 3
1069 779 1181 830 illos
1209 778 1400 829 scilicet
1426 776 1589 836 fuiffe,
1616 788 1797 846 praeter
1828 775 1940 844 jam
1966 774 2123 825 dictas
2151 773 2310 824 tribus

683 872 802 933 Adi,
859 871 1108 933 Thatnddz',
1165 870 1238 925 ‘Ta
1259 872 1340 932 mi,
1386 869 1566 942 Jadisi,
1619 883 1670 921 et
1720 868 1967 940 Jorlzami,
2021 881 2119 920 tres
2170 867 2310 928 aliaS,

684 987 869 1040 nempe
910 980 1059 1028 Q:
1100 965 1395 1026 Amalecum,
1437 979 1536 1049 με
1571 967 1844 1016 Amtemum
1882 976 1933 1015 et
1973 975 2099 1048 ra>
2125 960 2312 1025 Hdfhe-

685 1083 827 1124 mum,
868 1064 1053 1134 quibus
1082 1075 1133 1114 et
1159 1063 1243 1113 alii
1269 1062 1390 1113 duas
1422 1073 1665 1132 praeterea
1698 1059 1910 1118 addunt,
1951 1071 2068 1136 ,μῖξις
2095 1055 2312 1118 Abilam,

686 1172 736 1210 et
761 1171 828 1231 j...
857 1158 983 1219 Bar,
1023 1157 1112 1210 nifi
1141 1176 1169 1208 a
1197 1157 1354 1208 scriba
1379 1168 1604 1208 erratum
1637 1154 1714 1214 fit,
1753 1152 1894 1224 quod
1924 1152 2178 1222 suspicor:
2219 1150 2329 1211 hos,

687 1272 863 1305 omnes
892 1251 1108 1323 periisse,
1148 1253 1372 1321 exceptis
1399 1251 1627 1320 reliquiis
1654 1247 1957 1320 quibusdam
1982 1246 2183 1318 reliquis
2202 1247 2316 1316 jam

687 1349 916 1400 tribubus
955 1346 1207 1399 confufim
1244 1347 1512 1417 permistis,
1555 1363 1647 1397 nec
1687 1343 1930 1415 superesse
1969 1343 2054 1413 qui
2092 1340 2318 1394 Arabum

677 1455 911 1514 purorum
950 1444 1158 1494 nomine
1197 1441 1431 1493 censendi
1470 1441 1581 1492 sint.
1650 1441 1776 1490 Sunt
1817 1451 1868 1490 et
1912 1439 2002 1509 qui
2036 1437 2318 1489 Kahtdnum

687 1539 868 1610 ipsum,
908 1557 1062 1608 quem
1094 1538 1462 1609 praecipuarum
1487 1535 1621 1606 apud
1647 1533 1839 1585 Arabes
1864 1533 2092 1585 tribuum
2116 1544 2317 1604 patrem

688 1635 927 1694 statuunt,
967 1633 1170 1703 posteris
1199 1631 1406 1702 Istnczelis
1431 1630 1746 1690 accenseant,
1785 1641 1842 1680 ut
1869 1629 2115 1680 testantur
2140 1628 2315 1699 Jalla-

685 1727 914 1778 lo’ddinus
957 1726 1239 1797 sssbyutizcs,
1284 1726 1578 1777 Scholiastes
1622 1726 1674 1776 in
1718 1727 1910 1776 Poema
1954 1721 2064 1775 Ebn
2101 1721 2318 1784 Abdz'c'ni,

689 1821 882 1874 Ahmed
926 1821 1036 1873 Ebn
1085 1821 1245 1892 Yust’f
1280 1822 1331 1872 in
1381 1821 1625 1880 Historia,
1671 1822 1771 1871 &a
1826 1836 1919 1869 nec
1969 1817 2178 1889 reperiri
2207 1817 2321 1888 Jam

687 1917 806 1969 alios
848 1936 1002 1987 quam
1029 1915 1221 1967 Arabes
1252 1915 1530 1985 Ifhmelitas,
1572 1934 1688 1985 quae
1726 1914 1931 1965 nomina
1969 1913 2106 1965 idem
2144 1913 2320 1965 sonant

687 2012 822 2083 apud
844 2011 1197 2082 Paraphrastas
1228 2009 1472 2062 Chaldaeos
1497 2023 1548 2061 et
1566 2008 1775 2069 Arabes,
1797 2009 1962 2080 Genejs]
1983 2009 2179 2061 xxxvii.
2223 2008 2321 2060 Sed

686 2119 742 2157 ut
776 2107 1079 2157 sententiam
1112 2106 1274 2177 magis
1308 2118 1562 2175 receptam
1598 2117 1649 2155 et
1676 2104 1812 2155 viam
1837 2123 1865 2155 a
1893 2103 2120 2174 pluribus
2147 2103 2319 2156 tritam

688 2201 975 2271 sequamur,
1004 2199 1197 2252 Arabes
1222 2201 1312 2271 qui
1330 2201 1442 2269 jam
1470 2199 1727 2270 supersunt
1753 2199 1944 2270 duplici
1970 2199 2114 2269 stirpe
2140 2200 2319 2251 oriun-

689 2297 777 2346 dos
806 2315 897 2366 pro
924 2295 1154 2347 conceffo
1181 2295 1476 2355 habeamus,
1500 2293 1727 2345 Kahtdno
1744 2305 1910 2365 puros,
1933 2292 2140 2345 Adndno
2164 2292 2321 2363 Most-

688 2389 873 2451 arabes,
915 2390 1000 2441 seu
1035 2389 1264 2458 iqsititios.
1330 2392 1443 2441 Hos
1483 2408 1570 2440 cur
1612 2389 1679 2440 ita
1712 2401 2029 2460 nuncupent,
2070 2389 2321 2440 rationem

689 2484 819 2535 hanc
858 2485 1107 2555 affignant
1128 2510 1143 2546 ;
1185 2468 1325 2555 quod
1362 2485 1554 2536 scilicet
1580 2483 1754 2554 [fhzael
1780 2502 1960 2535 eorum
1995 2495 2157 2554 pater,
2197 2500 2320 2535 cum

686 2580 885 2649 origine
927 2591 977 2630 et
1016 2579 1190 2650 lingua
1228 2598 1330 2630 non
1356 2577 1542 2640 Arabs,
1583 2578 1667 2629 sed
1701 2576 1941 2629 Hebraeus
1969 2575 2139 2638 fuerit,
2178 2577 2318 2648 post-

690 2692 842 2744 quam
882 2691 1002 2724 cum
1041 2672 1342 2744 Jorlzamidis
1378 2674 1679 2724 affinitatem
1718 2671 2058 2732 contraxisset,
2098 2671 2321 2742 ipsorum

689 2768 938 2828 moribu8‚
977 2769 1214 2828 dialec'oe,
1263 2782 1314 2820 et
1356 2770 1474 2820 vitae
1518 2768 1744 2819 instituto
1787 2766 2068 2827 assueverit,
2107 2767 2320 2838 ipsoque

690 2862 887 2913 oriundi
913 2862 963 2912 in
990 2879 1145 2912 unam
1171 2863 1409 2913 cumillis
1437 2874 1649 2932 gentem
1673 2861 1971 2912 coaluerint.
2020 2862 2129 2912 Cur
2145 2873 2320 2913 autem

690 2954 952 3008 Adndnum
994 2957 1162 3027 potius
1207 2974 1363 3026 quam
1406 2956 1567 3026 ipsum
1607 2955 1861 3026 [smaelem
1908 2955 1990 3006 vel
2022 2955 2252 3026 aliquem
2291 2975 2319 3007 e

691 3051 899 3122 posteris
949 3051 1012 3102 ab
1062 3050 1170 3121 ipso
1213 3051 1527 3121 propiorem,
1568 3050 1791 3101 tribuum
1834 3062 2034 3121 patrem
2083 3049 2320 3112 statuant,
