2498 3575
802 313 1217 358 NOTAE.

188 499 512 552 statuendum
546 499 620 559 fit,
657 499 746 551 ubi
773 497 990 550 Arabice
1025 496 1254 570 expreffa
1279 495 1469 548 fuerint
1497 514 1611 566 quae
1638 496 1831 567 Euthy-

185 595 306 647 mius
323 597 599 666 caeterique
625 596 800 646 Graece
826 595 1170 666 protulerunt,
1200 592 1380 644 melius
1407 591 1621 662 patebit.
1671 590 1833 661 Χοιζιὶρ

186 704 239 744 et
275 689 421 762 224de
460 710 683 761 magnum
721 692 774 742 in
809 691 986 762 lingua
1016 687 1236 741 Arabica
1271 687 1554 760 fignificare
1593 685 1830 738 asserunt.

186 787 370 838 Recte.
436 787 541 838 Illis
570 788 711 838 enim
729 809 874 860 ,ᾧ
905 785 1075 846 Cabir,
1105 798 1156 837 et
1174 798 1320 858 ,με
1350 782 1529 843 Cobar,
1558 795 1610 834 et
1636 783 1688 833 in
1714 782 1831 852 plu-

184 882 273 934 rali
294 895 423 956 Aa&
453 881 630 942 Cebar,
660 860 860 953 mag-nus
885 882 1089 934 dicitur.
1148 881 1227 932 Eo
1254 892 1430 931 autem
1459 878 1612 930 titulo
1640 878 1831 948 indigi-

184 978 279 1030 tari
318 978 606 1048 Lucyerzmz
648 991 699 1030 et
743 979 966 1029 Venerem
1009 977 1251 1048 probatur
1299 995 1364 1027 ex
1404 975 1490 1026 illa
1526 974 1834 1045 precationis

189 1074 273 1145 (ut
307 1075 537 1146 loquitur
572 1073 782 1143 author)
824 1074 962 1145 apud
1001 1073 1115 1125 illos
1159 1072 1401 1132 formula,
1437 1067 1579 1123 Ἀλλαὶ
1619 1066 1740 1121 ἀλλοὲ
1774 1068 1836 1120 ἑοὶ

182 1167 326 1240 κκξοὶρ
365 1169 518 1222 cimai:
562 1171 652 1221 ubi
689 1168 828 1222 Ἀλλαὲ
863 1166 982 1220 olma)
1016 1171 1173 1231 Deus,
1210 1169 1367 1228 Deus,
1408 1166 1584 1218 sonare
1623 1166 1832 1218 dicitur.

184 1267 254 1317 Et
279 1265 379 1317 hoc
408 1269 562 1318 reete.
608 1263 709 1318 Οὐαὶ
735 1278 908 1317 autem
933 1264 1112 1334 major:
1142 1277 1194 1316 at
1220 1265 1334 1335 quis
1363 1260 1588 1314 Arabum
1614 1260 1715 1314 hoc
1743 1280 1834 1313 nos

183 1361 450 1414 docuerit?
499 1363 550 1413 Si
576 1359 791 1413 Arabice
815 1361 927 1414 haec
955 1362 1146 1422 omnia,
1175 1361 1237 1413 ad
1264 1361 1446 1412 sonum
1472 1377 1629 1430 quam
1656 1358 1833 1430 proxi-

182 1476 268 1509 me
295 1456 408 1509 fieri
434 1458 604 1529 poffit,
642 1456 941 1518 efferantur,
979 1456 1087 1509 haec
1124 1469 1276 1509 erunt
1302 1456 1459 1508 verba
1481 1482 1496 1517 ;
1531 1476 1596 1529 ,Δ
1624 1468 1692 1512 ΑΒ
1722 1466 1836 1511 Ᾰ-Μς

182 1566 250 1610 δὼς
262 1566 401 1631 jafi
429 1553 602 1614 Allalz,
631 1553 801 1615 Allalz,
833 1553 973 1605 lzowa
999 1551 1142 1604 cobar
1166 1552 1315 1604 allczlz.
1359 1553 1393 1604 i.
1418 1571 1464 1603 e.
1496 1552 1653 1611 Deus,
1677 1551 1834 1611 Deus,

181 1648 270 1700 Ille
305 1650 527 1720 Magnus
553 1651 721 1701 Deus:
762 1662 813 1701 at
856 1649 1081 1721 precatio
1119 1649 1206 1700 illa
1242 1667 1402 1720 quam
1433 1645 1720 1719 expreffam
1753 1645 1836 1698 hic

181 1745 363 1806 voluit,
392 1744 518 1797 nihil
544 1746 701 1807 aliud,
731 1759 877 1817 puto,
907 1747 1005 1798 erit
1033 1765 1193 1817 quam
1210 1759 1417 1826 >fif-'³²³³
1443 1740 1687 1804 alTecbir,
1726 1744 1760 1795 i.
1785 1763 1832 1795 e.

179 1842 498 1911 μεγάλυσμος,
522 1842 608 1893 seu
635 1836 863 1909 δοξολογία,
885 1842 974 1893 ista
993 1839 1515 1901 Mohammedanorum,
1536 1858 1696 1910 quam
1716 1839 1835 1890 sub-

182 1938 301 1989 inde
329 1938 461 1989 inter
489 1939 806 2009 precandum
835 1951 1095 2010 repetunt,
1124 1950 1176 1989 et
1201 1938 1266 1989 de
1293 1937 1438 2007 cujus
1467 1936 1550 1988 vel
1586 1936 1744 1988 semel
1770 1954 1835 1988 ex

181 2034 340 2085 animi
367 2034 617 2085 sententia
645 2035 857 2106 prolatae
890 2034 1134 2095 efficacia,
1164 2034 1291 2085 mira
1317 2033 1615 2105 praedicant,
1645 2031 1837 2084 scilicet

171 2143 318 2210 ἷξε
348 2143 424 2187 ,ως
453 2130 632 2181 Allalzo
658 2129 810 2182 achar
843 2131 971 2202 (vel,
1010 2143 1067 2182 ut
1103 2130 1177 2181 illi
1215 2130 1351 2182 male
1383 2128 1627 2180 distinctis
1654 2128 1835 2189 literis,

181 2226 335 2277 Allas'z
362 2227 450 2277 hoa
481 2225 617 2287 char,
647 2227 730 2278 vel
767 2240 824 2278 ut
861 2227 925 2278 ab
961 2225 1258 2278 hominibus
1289 2224 1482 2277 Graecis
1515 2224 1837 2295 pronunciari

183 2323 330 2393 poffit
355 2322 521 2392 cobar)
555 2325 589 2374 i.
614 2343 660 2375 e.
692 2324 831 2376 Deus
850 2323 1084 2375 maximus
1109 2322 1198 2393 est:
1228 2341 1327 2393 qua
1353 2321 1671 2393 ingeminata
1698 2321 1837 2391 quod

183 2419 405 2490 primam
432 2420 581 2480 lunae,
604 2438 716 2490 quae
744 2419 943 2470 menses
966 2431 1017 2471 et
1045 2437 1204 2470 annos
1233 2419 1331 2469 illis
1360 2429 1616 2477 numerat,
1640 2428 1691 2468 et
1711 2415 1837 2468 festa

182 2515 429 2586 designat,
464 2515 603 2580 φάτιν
631 2515 870 2578 salutent,
909 2514 1255 2586 superstitioni
1281 2514 1441 2585 magis
1470 2512 1835 2584 imputandum

183 2630 343 2682 quam
371 2611 688 2671 idololatriae‚
717 2611 854 2682 quafi
889 2611 1003 2681 jam
1031 2612 1191 2662 Lunae
1218 2611 1304 2662 seu
1329 2608 1503 2661 Veneri
1529 2609 1682 2680 (quas
1709 2627 1833 2679 pro-

184 2707 378 2758 miscue
405 2705 507 2757 hoc
535 2708 586 2757 in
615 2707 731 2758 loco
759 2707 892 2758 sumi
929 2706 1215 2758 observavit
1251 2704 1583 2758 Doctiffimus
1611 2704 1833 2755 Bochar-

183 2802 286 2872 tus)
325 2803 555 2853 divinam
589 2803 840 2854 ascribant
875 2804 1184 2873 potentiam.
1251 2802 1498 2854 Proximo
1524 2802 1577 2852 in
1603 2800 1736 2860 loco,
1776 2812 1834 2851 ut

183 2897 245 2948 ad
271 2916 330 2948 ea
357 2898 511 2948 verba
539 2898 724 2968 quibus
751 2897 981 2950 afferitur
1001 2896 1363 2950 fimulachrum
1389 2896 1486 2948 illis
1513 2895 1610 2947 effe
1638 2896 1685 2945 τὸ
1707 2905 1832 2947 Βακ-

185 2990 256 3054 χαῖ
280 2984 507 3060 Ἰσμοικέχ
533 2994 749 3055 dictum,
778 2995 1096 3054 accedamus,
1119 2993 1166 3043 τὸ
1188 2993 1384 3044 Baccha
1401 2990 1660 3062 Ismakeclz,
1689 2989 1831 3040 Ara-

186 3085 282 3137 bice
308 3088 341 3138 fi
370 3087 611 3157 proferas,
642 3089 769 3160 quid
794 3090 888 3141 erit
915 3090 1055 3141 aliud
1082 3108 1239 3160 quam
1268 3104 1399 3145 ἄξω
1429 3100 1513 3172 &⁹⁴⁸
1541 3103 1658 3143 ἵει...
1683 3125 1698 3146 ,
1725 3085 1758 3137 i·
1781 3104 1829 3136 e·

998 3175 1037 3212 Q
1060 3186 1080 3211 2
