2912 4368
615 2094 651 2130 P.
674 2094 765 2141 467.

1474 582 1982 623 EXCERPTA

904 749 1091 801 Asafus
1118 759 1170 800 et
1196 749 1349 800 Naila
1376 752 1550 803 Safam
1579 763 1631 803 et
1666 753 1929 803 Merwam
1958 754 2305 821 occupabant.
2384 753 2550 804 Erant

904 845 1061 894 etiam
1099 845 1234 895 inter
1273 845 1472 897 Arabas
1512 849 1602 915 qui
1640 849 1704 897 ad
1742 848 2069 898 Judaismum
2114 849 2548 916 propendebant;

903 940 987 989 alii
1015 958 1137 989 vcro
1165 939 1469 991 Christianae
1514 943 1751 1011 religioni
1787 943 1978 992 addicti
2018 952 2201 1002 erant;
2246 942 2549 993 Sabaeorum

905 1034 1155 1084 doclrinae
1183 1034 1267 1083 alii
1296 1055 1305 1085 :
1350 1036 1402 1084 hi
1430 1037 1675 1103 postremi
1703 1037 1964 1086 occasibus
1992 1036 2232 1093 siderum,
2253 1055 2370 1104 quae
2399 1055 2549 1087 man-

905 1128 1069 1178 fiones
1096 1130 1259 1179 varias
1288 1129 1453 1180 Lunae
1477 1131 1784 1191 conficiunt,
1807 1131 1913 1180 vim
1938 1132 2159 1181 eandem
2189 1131 2345 1181 inefi'e
2373 1133 2550 1182 crede-

906 1225 1050 1283 bant,
1084 1242 1241 1291 quam
1277 1226 1568 1275 errantibus
1604 1226 1746 1276 astris
1785 1226 2036 1276 addicunt
2072 1227 2323 1275 astrorum
2362 1226 2548 1294 periti;

907 1320 976 1369 ita
1004 1328 1061 1369 ut
1090 1320 1280 1369 nullius
1317 1320 1387 1370 rei
1424 1320 1516 1369 nisi
1553 1320 1764 1370 occasus
1796 1320 2005 1370 illorum
2036 1319 2259 1369 siderum
2294 1320 2550 1370 rationem

907 1414 1178 1474 haberent,
1222 1432 1318 1464 nec
1356 1414 1541 1481 quovis
1582 1414 1682 1464 alio
1722 1423 2063 1465 moverentur
2102 1414 2291 1464 coelesti
2330 1414 2551 1482 phaeno-

907 1527 1083 1569 meno,
1112 1510 1481 1577 dicerentque:
1513 1518 1544 1536 “
1568 1509 1740 1578 Hujus
1765 1509 1847 1560 vel
1874 1509 2010 1559 illius
2037 1508 2210 1559 sideris
2238 1509 2422 1559 occasu
2450 1509 2551 1560 im-

907 1613 938 1631 “
969 1605 1060 1653 ber
1078 1603 1317 1653 accidit.''
1354 1603 1593 1654 Arabum
1616 1604 1702 1654 alii
1724 1605 1955 1673 angelos,
1978 1604 2160 1673 genios
2181 1604 2267 1654 alii
2288 1604 2548 1655 colebant.

908 1698 1148 1748 Scientiae
1176 1699 1364 1766 quibus
1392 1699 1684 1759 studebant,
1709 1700 1792 1749 hae
1815 1699 2059 1750 fuerunt:
2095 1699 2436 1769 genealogiae,
2460 1717 2549 1750 oc-

907 1794 1050 1843 casus
1078 1793 1299 1843 siderum
1329 1794 1532 1854 notitia,
1561 1794 1785 1854 historia,
1815 1793 2139 1844 somniorum
2170 1794 2547 1862 interpretatio.

909 1887 1112 1937 Harum
1141 1888 1474 1938 scientiarum
1502 1888 1834 1956 peritissimus
1866 1888 1966 1939 fuit
1991 1887 2357 1949 Aboubecrus,
2384 1889 2552 1939 fidelis

909 1983 1300 2033 Mohammedis
1324 2001 1515 2033 comes.
1565 1984 1766 2033 Arabes
1783 1984 1981 2034 ethnici
2005 2001 2084 2034 res
2106 1983 2353 2051 quasdam
2378 1983 2551 2034 obser-

908 2078 1118 2138 vabant,
1141 2096 1259 2145 quae
1278 2096 1307 2128 a
1327 2078 1579 2148 religione
1601 2076 1881 2128 Issamitica
1900 2078 2107 2129 sancitae
2136 2078 2277 2129 sunt:
2316 2096 2413 2129 nec
2440 2097 2552 2130 ma-

910 2183 1010 2222 tres
1034 2190 1129 2223 nec
1151 2173 1279 2223 filias
1302 2173 1549 2242 conjugio
1572 2172 1863 2232 habebant;
1893 2190 1971 2223 res
1994 2182 2102 2223 erat
2125 2174 2263 2241 apud
2284 2190 2372 2224 eos
2393 2173 2555 2225 vetita

908 2278 958 2317 et
993 2268 1219 2317 maxime
1254 2268 1445 2328 odiosa,
1474 2268 1600 2318 duas
1638 2267 1834 2317 sorores
1870 2267 2021 2318 fimul
2059 2268 2112 2318 in
2155 2268 2552 2319 matrimonium

908 2362 1142 2429 accipere
1167 2383 1177 2412 :
1221 2362 1309 2429 qui
1338 2362 1485 2412 uxori
1511 2363 1670 2429 patris
1698 2362 1771 2412 sui
1801 2363 2060 2430 nupserat,
2083 2381 2204 2413 eum
2229 2364 2554 2415 detestaban-

913 2467 1012 2516 tur,
1043 2455 1476 2526 Dhaizanumque
1513 2457 1881 2524 appellabant:
1924 2458 1986 2507 ad
2026 2458 2301 2507 delubrum
2341 2457 2553 2509 Mecca—

915 2569 1041 2600 num
1069 2551 1515 2620 peregrinationes
1543 2550 1880 2601 instituebant
1904 2559 2017 2601 tum
2042 2550 2233 2620 Hadclj
2251 2561 2365 2602 tum
2392 2552 2557 2604 Omra

914 2646 1093 2706 dietas,
1133 2644 1309 2696 Ilzrczm
1344 2644 1411 2694 sic
1446 2645 1608 2696 dietas
1642 2645 1802 2695 vestes
1839 2645 2158 2697 induebant:
2212 2646 2380 2697 sacros
2420 2647 2557 2698 circa

914 2739 1143 2791 Caabam
1168 2740 1358 2800 obituS,
1382 2739 1589 2790 cursum
1613 2739 1749 2789 inter
1772 2739 1945 2790 Safam
1969 2748 2021 2790 et
2043 2739 2324 2799 Merwam,
2349 2741 2557 2793 omnes-

916 2852 1016 2902 que
1049 2834 1292 2884 stationes
1328 2833 1700 2895 observabant;
1733 2834 1938 2903 jactum
1976 2853 2186 2903 quoque
2221 2836 2553 2904 lapillorum:

916 2929 1116 2998 singulo
1143 2929 1297 2978 tertio
1324 2947 1464 2979 anno
1492 2928 1724 2979 mensem
1753 2928 2163 2991 intercalabant3
2206 2931 2274 2981 ob
2307 2931 2556 2998 pollutio-

919 3041 1009 3073 nes
1049 3032 1223 3073 totum
1265 3041 1453 3091 corpus
1491 3024 1769 3083 lavabant;
1823 3041 1879 3073 os
1913 3023 2248 3093 gargarismo,
2290 3043 2438 3076 nares
2477 3035 2556 3077 at-

919 3117 1081 3168 tracta
1106 3136 1239 3184 aqua
1264 3118 1456 3168 affidue
1482 3118 1796 3186 purgabant.
1872 3117 2095 3168 Comam
2123 3119 2347 3186 peetere,
2375 3122 2558 3172 dentes

918 3229 1157 3280 purgare,
1198 3213 1311 3279 post
1349 3212 1575 3280 egestam
1615 3211 1841 3272 urinam,
1882 3212 2134 3263 stercusve
2173 3213 2287 3264 loca
2326 3216 2558 3283 corporis

919 3305 1111 3356 secreta
1147 3306 1417 3364 mundare,
1451 3323 1657 3375 ungues
1695 3305 1939 3368 resecare,
1973 3306 2245 3358 axillarum
2280 3309 2414 3376 pilos
2447 3310 2556 3361 vel-
