<?xml version="1.0" encoding="UTF-8"?>
<!DOCTYPE html PUBLIC "-//W3C//DTD XHTML 1.0 Transitional//EN"
    "http://www.w3.org/TR/xhtml1/DTD/xhtml1-transitional.dtd">
<html xmlns="http://www.w3.org/1999/xhtml" xml:lang="en" lang="en">
 <head>
  <title>
</title>
<meta http-equiv="Content-Type" content="text/html;charset=utf-8" />
  <meta name='ocr-system' content='tesseract 3.04.00' />
  <meta name='ocr-capabilities' content='ocr_page ocr_carea ocr_par ocr_line ocrx_word'/>
</head>
<body>
  <div class='ocr_page' id='page_1' title='image "./specimenhistoria00pocouoft_0546.png"; bbox 0 0 2498 3575; ppageno 0'>
   <div class='ocr_carea' id='block_1_1' title="bbox 1250 325 1760 369">
    <p class='ocr_par' dir='ltr' id='par_1_1' title="bbox 1250 325 1760 369">
     <span class='ocr_line' id='line_1_1' title="bbox 1250 325 1760 369; baseline -0.004 -1"><span class='ocrx_word' id='word_1_1' title='bbox 1250 325 1760 369; x_wconf 90' lang='lat' dir='ltr'><strong>EXCERPTA</strong></span> 
     </span>
    </p>
   </div>
   <div class='ocr_carea' id='block_1_2' title="bbox 685 491 2346 1605">
    <p class='ocr_par' dir='ltr' id='par_1_2' title="bbox 685 491 2341 1228">
     <span class='ocr_line' id='line_1_2' title="bbox 685 491 2330 565; baseline -0.006 -14"><span class='ocrx_word' id='word_1_2' title='bbox 685 498 1078 559; x_wconf 84' lang='lat' dir='ltr'><strong>administravit,</strong></span> <span class='ocrx_word' id='word_1_3' title='bbox 1099 517 1131 549; x_wconf 88' lang='lat' dir='ltr'><strong>a</strong></span> <span class='ocrx_word' id='word_1_4' title='bbox 1150 496 1546 565; x_wconf 84' lang='lat' dir='ltr'><strong>Lakhmitisque</strong></span> <span class='ocrx_word' id='word_1_5' title='bbox 1572 495 1764 564; x_wconf 85' lang='lat' dir='ltr'><strong>eripuit</strong></span> <span class='ocrx_word' id='word_1_6' title='bbox 1789 494 2146 562; x_wconf 90' lang='lat' dir='ltr'><strong>quodcunque</strong></span> <span class='ocrx_word' id='word_1_7' title='bbox 2170 491 2220 542; x_wconf 88' lang='lat' dir='ltr'><strong>vi</strong></span> <span class='ocrx_word' id='word_1_8' title='bbox 2248 492 2330 541; x_wconf 89' lang='lat' dir='ltr'><strong>in-</strong></span> 
     </span>
     <span class='ocr_line' id='line_1_3' title="bbox 687 585 2333 660; baseline -0.006 -15"><span class='ocrx_word' id='word_1_9' title='bbox 687 594 924 646; x_wconf 82' lang='lat' dir='ltr'><strong>vaserant</strong></span> <span class='ocrx_word' id='word_1_10' title='bbox 949 594 1014 644; x_wconf 94' lang='lat' dir='ltr'><strong>de</strong></span> <span class='ocrx_word' id='word_1_11' title='bbox 1041 593 1207 653; x_wconf 85' lang='lat' dir='ltr'><strong>terriS,</strong></span> <span class='ocrx_word' id='word_1_12' title='bbox 1235 610 1352 660; x_wconf 78' lang='lat' dir='ltr'><strong>quae</strong></span> <span class='ocrx_word' id='word_1_13' title='bbox 1379 593 1443 642; x_wconf 90' lang='lat' dir='ltr'><strong>ad</strong></span> <span class='ocrx_word' id='word_1_14' title='bbox 1471 590 1697 641; x_wconf 84' lang='lat' dir='ltr'><strong>Becrum</strong></span> <span class='ocrx_word' id='word_1_15' title='bbox 1733 589 1901 639; x_wconf 88' lang='lat' dir='ltr'><strong>filium</strong></span> <span class='ocrx_word' id='word_1_16' title='bbox 1928 586 2008 638; x_wconf 87' lang='lat' dir='ltr'>W</span> <span class='ocrx_word' id='word_1_17' title='bbox 2009 586 2143 656; x_wconf 81' lang='lat' dir='ltr'><strong>ayeli</strong></span> <span class='ocrx_word' id='word_1_18' title='bbox 2170 585 2333 654; x_wconf 85' lang='lat' dir='ltr'><strong>perti-</strong></span> 
     </span>
     <span class='ocr_line' id='line_1_4' title="bbox 689 679 2338 756; baseline -0.006 -16"><span class='ocrx_word' id='word_1_19' title='bbox 689 691 902 740; x_wconf 85' lang='lat' dir='ltr'>nebant.</span> <span class='ocrx_word' id='word_1_20' title='bbox 990 687 1179 756; x_wconf 90' lang='lat' dir='ltr'><strong>Sicque</strong></span> <span class='ocrx_word' id='word_1_21' title='bbox 1211 704 1366 756; x_wconf 88' lang='lat' dir='ltr'><strong>agere</strong></span> <span class='ocrx_word' id='word_1_22' title='bbox 1398 685 1617 754; x_wconf 84' lang='lat' dir='ltr'><strong>perstitit</strong></span> <span class='ocrx_word' id='word_1_23' title='bbox 1650 683 1902 752; x_wconf 48' lang='lat' dir='ltr'><strong>Hodjrua</strong></span> <span class='ocrx_word' id='word_1_24' title='bbox 1935 679 2338 732; x_wconf 79' lang='lat' dir='ltr'><strong>Alsel-almarar</strong></span> 
     </span>
     <span class='ocr_line' id='line_1_5' title="bbox 690 774 2338 850; baseline -0.007 -15"><span class='ocrx_word' id='word_1_25' title='bbox 690 784 877 844; x_wconf 64' lang='lat' dir='ltr'><strong>diciuS,</strong></span> <span class='ocrx_word' id='word_1_26' title='bbox 913 783 1075 850; x_wconf 86' lang='lat' dir='ltr'><strong>usque</strong></span> <span class='ocrx_word' id='word_1_27' title='bbox 1107 782 1235 832; x_wconf 90' lang='lat' dir='ltr'><strong>dum</strong></span> <span class='ocrx_word' id='word_1_28' title='bbox 1273 781 1421 831; x_wconf 86' lang='lat' dir='ltr'><strong>obiit.</strong></span> <span class='ocrx_word' id='word_1_29' title='bbox 1501 778 1620 829; x_wconf 93' lang='lat' dir='ltr'><strong>Hoc</strong></span> <span class='ocrx_word' id='word_1_30' title='bbox 1654 786 1832 828; x_wconf 80' lang='lat' dir='ltr'><strong>autem</strong></span> <span class='ocrx_word' id='word_1_31' title='bbox 1873 793 2174 845; x_wconf 86' lang='lat' dir='ltr'><strong>cognomen</strong></span> <span class='ocrx_word' id='word_1_32' title='bbox 2214 774 2338 825; x_wconf 89' lang='lat' dir='ltr'><strong>inde</strong></span> 
     </span>
     <span class='ocr_line' id='line_1_6' title="bbox 692 868 2339 946; baseline -0.007 -17"><span class='ocrx_word' id='word_1_33' title='bbox 692 879 894 939; x_wconf 87' lang='lat' dir='ltr'><strong>habuit,</strong></span> <span class='ocrx_word' id='word_1_34' title='bbox 921 877 1044 946; x_wconf 82' lang='lat' dir='ltr'><strong>quia</strong></span> <span class='ocrx_word' id='word_1_35' title='bbox 1068 894 1203 926; x_wconf 85' lang='lat' dir='ltr'><strong>uxor</strong></span> <span class='ocrx_word' id='word_1_36' title='bbox 1227 875 1356 945; x_wconf 83' lang='lat' dir='ltr'><strong>ejus,</strong></span> <span class='ocrx_word' id='word_1_37' title='bbox 1385 875 1452 924; x_wconf 90' lang='lat' dir='ltr'><strong>ob</strong></span> <span class='ocrx_word' id='word_1_38' title='bbox 1480 874 1660 924; x_wconf 85' lang='lat' dir='ltr'><strong>odium</strong></span> <span class='ocrx_word' id='word_1_39' title='bbox 1696 890 1803 940; x_wconf 88' lang='lat' dir='ltr'><strong>quo</strong></span> <span class='ocrx_word' id='word_1_40' title='bbox 1837 889 1959 921; x_wconf 88' lang='lat' dir='ltr'><strong>eum</strong></span> <span class='ocrx_word' id='word_1_41' title='bbox 1990 868 2339 937; x_wconf 87' lang='lat' dir='ltr'><strong>prosequeba-</strong></span> 
     </span>
     <span class='ocr_line' id='line_1_7' title="bbox 692 962 2340 1039; baseline -0.007 -15"><span class='ocrx_word' id='word_1_42' title='bbox 692 983 796 1033; x_wconf 86' lang='lat' dir='ltr'><strong>tur,</strong></span> <span class='ocrx_word' id='word_1_43' title='bbox 824 973 888 1022; x_wconf 89' lang='lat' dir='ltr'><strong>de</strong></span> <span class='ocrx_word' id='word_1_44' title='bbox 913 989 977 1022; x_wconf 87' lang='lat' dir='ltr'><strong>eo</strong></span> <span class='ocrx_word' id='word_1_45' title='bbox 1003 971 1225 1039; x_wconf 86' lang='lat' dir='ltr'><strong>loquens</strong></span> <span class='ocrx_word' id='word_1_46' title='bbox 1252 970 1451 1019; x_wconf 80' lang='lat' dir='ltr'>dixerat</span> <span class='ocrx_word' id='word_1_47' title='bbox 1475 988 1486 1018; x_wconf 74' lang='grc' dir='ltr'>ε</span> <span class='ocrx_word' id='word_1_48' title='bbox 1529 975 1562 995; x_wconf 90' lang='lat'><em>“</em></span> <span class='ocrx_word' id='word_1_49' title='bbox 1592 969 1625 1001; x_wconf 41' lang='grc' dir='ltr'><strong>ἕρ</strong></span> <span class='ocrx_word' id='word_1_50' title='bbox 1647 966 1841 1016; x_wconf 85' lang='lat' dir='ltr'><strong>Similis</strong></span> <span class='ocrx_word' id='word_1_51' title='bbox 1874 965 2083 1015; x_wconf 84' lang='lat' dir='ltr'><strong>videtur</strong></span> <span class='ocrx_word' id='word_1_52' title='bbox 2117 962 2340 1023; x_wconf 82' lang='lat' dir='ltr'><strong>camele,</strong></span> 
     </span>
     <span class='ocr_line' id='line_1_8' title="bbox 695 1057 2341 1134; baseline -0.005 -17"><span class='ocrx_word' id='word_1_53' title='bbox 695 1075 728 1095; x_wconf 89' lang='lat'><strong>“</strong></span> <span class='ocrx_word' id='word_1_54' title='bbox 756 1066 846 1134; x_wconf 86' lang='lat' dir='ltr'><strong>qui</strong></span> <span class='ocrx_word' id='word_1_55' title='bbox 877 1065 1143 1124; x_wconf 83' lang='lat' dir='ltr'>fruticem,</span> <span class='ocrx_word' id='word_1_56' title='bbox 1166 1063 1362 1114; x_wconf 76' lang='lat' dir='ltr'><strong>Marar</strong></span> <span class='ocrx_word' id='word_1_57' title='bbox 1387 1061 1607 1122; x_wconf 59' lang='lat' dir='ltr'><strong>dictum,</strong></span> <span class='ocrx_word' id='word_1_58' title='bbox 1637 1061 1874 1129; x_wconf 85' lang='lat' dir='ltr'><strong>depastus</strong></span> <span class='ocrx_word' id='word_1_59' title='bbox 1900 1058 2025 1110; x_wconf 83' lang='lat' dir='ltr'><strong>est.&#39;’</strong></span> <span class='ocrx_word' id='word_1_60' title='bbox 2090 1057 2224 1109; x_wconf 89' lang='lat' dir='ltr'><strong>Inde</strong></span> <span class='ocrx_word' id='word_1_61' title='bbox 2248 1058 2341 1108; x_wconf 85' lang='lat' dir='ltr'><strong>ad-</strong></span> 
     </span>
     <span class='ocr_line' id='line_1_9' title="bbox 693 1160 1384 1228; baseline -0.007 -16"><span class='ocrx_word' id='word_1_62' title='bbox 693 1160 840 1212; x_wconf 82' lang='lat' dir='ltr'><strong>haefit</strong></span> <span class='ocrx_word' id='word_1_63' title='bbox 865 1161 912 1210; x_wconf 87' lang='lat' dir='ltr'><strong>ei</strong></span> <span class='ocrx_word' id='word_1_64' title='bbox 939 1161 1040 1209; x_wconf 89' lang='lat' dir='ltr'><strong>hoc</strong></span> <span class='ocrx_word' id='word_1_65' title='bbox 1067 1175 1384 1228; x_wconf 83' lang='lat' dir='ltr'><strong>cognomen.</strong></span> 
     </span>
    </p>

    <p class='ocr_par' dir='ltr' id='par_1_3' title="bbox 696 1246 2346 1605">
     <span class='ocr_line' id='line_1_10' title="bbox 769 1246 2345 1323; baseline -0.005 -18"><span class='ocrx_word' id='word_1_66' title='bbox 769 1254 975 1323; x_wconf 85' lang='lat' dir='ltr'><strong>Hodjro</strong></span> <span class='ocrx_word' id='word_1_67' title='bbox 1001 1253 1235 1304; x_wconf 81' lang='lat' dir='ltr'><strong>successit</strong></span> <span class='ocrx_word' id='word_1_68' title='bbox 1261 1252 1460 1302; x_wconf 87' lang='lat' dir='ltr'><strong>Amrus</strong></span> <span class='ocrx_word' id='word_1_69' title='bbox 1496 1249 1687 1319; x_wconf 86' lang='lat' dir='ltr'><strong>Hodjri</strong></span> <span class='ocrx_word' id='word_1_70' title='bbox 1724 1249 1878 1309; x_wconf 82' lang='lat' dir='ltr'><strong>filius,</strong></span> <span class='ocrx_word' id='word_1_71' title='bbox 1907 1248 1997 1316; x_wconf 90' lang='lat' dir='ltr'><strong>qui</strong></span> <span class='ocrx_word' id='word_1_72' title='bbox 2027 1246 2345 1315; x_wconf 54' lang='lat' dir='ltr'><strong>IVIalfJburus</strong></span> 
     </span>
     <span class='ocr_line' id='line_1_11' title="bbox 696 1347 2345 1417; baseline -0.005 -17"><span class='ocrx_word' id='word_1_73' title='bbox 696 1349 903 1407; x_wconf 86' lang='lat' dir='ltr'><strong>dicitur,</strong></span> <span class='ocrx_word' id='word_1_74' title='bbox 944 1348 1067 1416; x_wconf 91' lang='lat' dir='ltr'><strong>quia</strong></span> <span class='ocrx_word' id='word_1_75' title='bbox 1108 1365 1273 1417; x_wconf 87' lang='lat' dir='ltr'><strong>regno</strong></span> <span class='ocrx_word' id='word_1_76' title='bbox 1314 1347 1457 1414; x_wconf 89' lang='lat' dir='ltr'><strong>quod</strong></span> <span class='ocrx_word' id='word_1_77' title='bbox 1495 1365 1525 1396; x_wconf 90' lang='lat' dir='ltr'><strong>a</strong></span> <span class='ocrx_word' id='word_1_78' title='bbox 1564 1354 1711 1413; x_wconf 84' lang='lat' dir='ltr'><strong>patre</strong></span> <span class='ocrx_word' id='word_1_79' title='bbox 1750 1352 2023 1412; x_wconf 87' lang='lat' dir='ltr'><strong>acceperat</strong></span> <span class='ocrx_word' id='word_1_80' title='bbox 2059 1350 2345 1393; x_wconf 85' lang='lat' dir='ltr'><strong>contentus</strong></span> 
     </span>
     <span class='ocr_line' id='line_1_12' title="bbox 698 1436 2346 1510; baseline -0.005 -15"><span class='ocrx_word' id='word_1_81' title='bbox 698 1444 815 1505; x_wconf 86' lang='lat' dir='ltr'><strong>fuit,</strong></span> <span class='ocrx_word' id='word_1_82' title='bbox 844 1444 974 1494; x_wconf 88' lang='lat' dir='ltr'><strong>nihil</strong></span> <span class='ocrx_word' id='word_1_83' title='bbox 1002 1442 1139 1493; x_wconf 85' lang='lat' dir='ltr'><strong>ultra</strong></span> <span class='ocrx_word' id='word_1_84' title='bbox 1164 1451 1433 1510; x_wconf 87' lang='lat' dir='ltr'><strong>appetens.</strong></span> <span class='ocrx_word' id='word_1_85' title='bbox 1500 1441 1616 1491; x_wconf 85' lang='lat' dir='ltr'><strong>Post</strong></span> <span class='ocrx_word' id='word_1_86' title='bbox 1642 1440 1785 1490; x_wconf 91' lang='lat' dir='ltr'><strong>hunc</strong></span> <span class='ocrx_word' id='word_1_87' title='bbox 1812 1438 2050 1508; x_wconf 88' lang='lat' dir='ltr'><strong>regnavit</strong></span> <span class='ocrx_word' id='word_1_88' title='bbox 2077 1436 2346 1488; x_wconf 88' lang='lat' dir='ltr'><strong>Harethus</strong></span> 
     </span>
     <span class='ocr_line' id='line_1_13' title="bbox 699 1529 2345 1605; baseline -0.005 -16"><span class='ocrx_word' id='word_1_89' title='bbox 699 1539 835 1590; x_wconf 89' lang='lat' dir='ltr'><strong>filius</strong></span> <span class='ocrx_word' id='word_1_90' title='bbox 861 1538 1073 1597; x_wconf 88' lang='lat' dir='ltr'><strong>Amri†‚</strong></span> <span class='ocrx_word' id='word_1_91' title='bbox 1101 1536 1249 1605; x_wconf 83' lang='lat' dir='ltr'><strong>cujus</strong></span> <span class='ocrx_word' id='word_1_92' title='bbox 1276 1536 1501 1604; x_wconf 83' lang='lat' dir='ltr'><strong>potestas</strong></span> <span class='ocrx_word' id='word_1_93' title='bbox 1528 1534 1677 1584; x_wconf 84' lang='lat' dir='ltr'><strong>novis</strong></span> <span class='ocrx_word' id='word_1_94' title='bbox 1703 1534 1856 1585; x_wconf 64' lang='lat' dir='ltr'><strong>aucta</strong></span> <span class='ocrx_word' id='word_1_95' title='bbox 1881 1533 1952 1583; x_wconf 84' lang='lat' dir='ltr'><strong>est</strong></span> <span class='ocrx_word' id='word_1_96' title='bbox 1977 1532 2190 1582; x_wconf 84' lang='lat' dir='ltr'><strong>viribus.</strong></span> <span class='ocrx_word' id='word_1_97' title='bbox 2233 1529 2345 1581; x_wconf 84' lang='lat' dir='ltr'><strong>Ha-</strong></span> 
     </span>
    </p>
   </div>
   <div class='ocr_carea' id='block_1_3' title="bbox 506 1626 2347 1694">
    <p class='ocr_par' dir='ltr' id='par_1_4' title="bbox 506 1626 2347 1694">
     <span class='ocr_line' id='line_1_14' title="bbox 506 1626 2347 1694; baseline -0.005 -9"><span class='ocrx_word' id='word_1_98' title='bbox 506 1673 526 1694; x_wconf 70' lang='lat' dir='ltr'><strong>u</strong></span> <span class='ocrx_word' id='word_1_99' title='bbox 598 1672 612 1691; x_wconf 65' lang='lat'>‚</span> <span class='ocrx_word' id='word_1_100' title='bbox 639 1678 653 1684; x_wconf 93' lang='lat'>-</span> <span class='ocrx_word' id='word_1_101' title='bbox 701 1634 880 1684; x_wconf 88' lang='lat' dir='ltr'><strong>rethus</strong></span> <span class='ocrx_word' id='word_1_102' title='bbox 905 1632 1048 1682; x_wconf 88' lang='lat' dir='ltr'><strong>enim</strong></span> <span class='ocrx_word' id='word_1_103' title='bbox 1077 1630 1325 1681; x_wconf 89' lang='lat' dir='ltr'><strong>Cosroem</strong></span> <span class='ocrx_word' id='word_1_104' title='bbox 1353 1630 1629 1680; x_wconf 89' lang='lat' dir='ltr'><strong>Cobadum</strong></span> <span class='ocrx_word' id='word_1_105' title='bbox 1664 1627 1869 1678; x_wconf 85' lang='lat' dir='ltr'><strong>Firouzi</strong></span> <span class='ocrx_word' id='word_1_106' title='bbox 1894 1626 2063 1677; x_wconf 88' lang='lat' dir='ltr'><strong>filium</strong></span> <span class='ocrx_word' id='word_1_107' title='bbox 2092 1626 2347 1685; x_wconf 85' lang='lat' dir='ltr'><strong>imitatus,</strong></span> 
     </span>
    </p>
   </div>
   <div class='ocr_carea' id='block_1_4' title="bbox 703 1719 2351 1889">
    <p class='ocr_par' dir='ltr' id='par_1_5' title="bbox 703 1719 2351 1889">
     <span class='ocr_line' id='line_1_15' title="bbox 704 1719 2349 1794; baseline -0.006 -16"><span class='ocrx_word' id='word_1_108' title='bbox 704 1727 1058 1778; x_wconf 85' lang='lat' dir='ltr'><strong>Zendicorum</strong></span> <span class='ocrx_word' id='word_1_109' title='bbox 1095 1726 1359 1794; x_wconf 84' lang='lat' dir='ltr'><strong>dogmata,</strong></span> <span class='ocrx_word' id='word_1_110' title='bbox 1404 1723 1752 1790; x_wconf 86' lang='lat' dir='ltr'><strong>Mazdacique</strong></span> <span class='ocrx_word' id='word_1_111' title='bbox 1792 1721 2101 1790; x_wconf 82' lang='lat' dir='ltr'><strong>religionem</strong></span> <span class='ocrx_word' id='word_1_112' title='bbox 2141 1719 2349 1770; x_wconf 88' lang='lat' dir='ltr'><strong>secutus</strong></span> 
     </span>
     <span class='ocr_line' id='line_1_16' title="bbox 703 1813 2351 1889; baseline -0.006 -16"><span class='ocrx_word' id='word_1_113' title='bbox 703 1823 789 1873; x_wconf 90' lang='lat' dir='ltr'><strong>est.</strong></span> <span class='ocrx_word' id='word_1_114' title='bbox 843 1821 1089 1872; x_wconf 83' lang='lat' dir='ltr'><strong>Cobadus</strong></span> <span class='ocrx_word' id='word_1_115' title='bbox 1116 1820 1292 1889; x_wconf 86' lang='lat' dir='ltr'><strong>igitur,</strong></span> <span class='ocrx_word' id='word_1_116' title='bbox 1320 1818 1468 1887; x_wconf 90' lang='lat' dir='ltr'><strong>pulso</strong></span> <span class='ocrx_word' id='word_1_117' title='bbox 1494 1819 1559 1868; x_wconf 82' lang='lat' dir='ltr'><strong>ab</strong></span> <span class='ocrx_word' id='word_1_118' title='bbox 1587 1816 1732 1867; x_wconf 81' lang='lat' dir='ltr'><strong>Hirae</strong></span> <span class='ocrx_word' id='word_1_119' title='bbox 1759 1834 1923 1885; x_wconf 86' lang='lat' dir='ltr'><strong>regno</strong></span> <span class='ocrx_word' id='word_1_120' title='bbox 1950 1815 2214 1865; x_wconf 85' lang='lat' dir='ltr'><strong>Mondaro</strong></span> <span class='ocrx_word' id='word_1_121' title='bbox 2240 1813 2351 1864; x_wconf 86' lang='lat' dir='ltr'><strong>filio</strong></span> 
     </span>
    </p>
   </div>
   <div class='ocr_carea' id='block_1_5' title="bbox 705 1909 2350 1978">
    <p class='ocr_par' dir='ltr' id='par_1_6' title="bbox 705 1909 2350 1978">
     <span class='ocr_line' id='line_1_17' title="bbox 705 1909 2350 1978; baseline -0.006 -11"><span class='ocrx_word' id='word_1_122' title='bbox 705 1915 1063 1967; x_wconf 83' lang='lat' dir='ltr'><strong>Ma-alsemaae</strong></span> <span class='ocrx_word' id='word_1_123' title='bbox 1091 1913 1390 1971; x_wconf 88' lang='lat' dir='ltr'><strong>Lakhmita‚</strong></span> <span class='ocrx_word' id='word_1_124' title='bbox 1419 1911 1718 1962; x_wconf 88' lang='lat' dir='ltr'><strong>Harethum</strong></span> <span class='ocrx_word' id='word_1_125' title='bbox 1745 1911 1800 1960; x_wconf 88' lang='lat' dir='ltr'><strong>in</strong></span> <span class='ocrx_word' id='word_1_126' title='bbox 1827 1909 1939 1977; x_wconf 86' lang='lat' dir='ltr'><strong>ejus</strong></span> <span class='ocrx_word' id='word_1_127' title='bbox 1966 1909 2144 1959; x_wconf 90' lang='lat' dir='ltr'><strong>locum</strong></span> <span class='ocrx_word' id='word_1_128' title='bbox 2172 1925 2350 1978; x_wconf 85' lang='lat' dir='ltr'><strong>regem</strong></span> 
     </span>
    </p>
   </div>
   <div class='ocr_carea' id='block_1_6' title="bbox 707 2004 2414 3109">
    <p class='ocr_par' dir='ltr' id='par_1_7' title="bbox 707 2004 2414 3109">
     <span class='ocr_line' id='line_1_18' title="bbox 707 2004 2352 2075; baseline -0.005 -14"><span class='ocrx_word' id='word_1_129' title='bbox 707 2010 991 2062; x_wconf 86' lang='lat' dir='ltr'><strong>constituit.</strong></span> <span class='ocrx_word' id='word_1_130' title='bbox 1034 2008 1303 2060; x_wconf 85' lang='lat' dir='ltr'><strong>Harethus</strong></span> <span class='ocrx_word' id='word_1_131' title='bbox 1330 2008 1506 2075; x_wconf 85' lang='lat' dir='ltr'><strong>itaque</strong></span> <span class='ocrx_word' id='word_1_132' title='bbox 1531 2007 1597 2056; x_wconf 91' lang='lat' dir='ltr'><strong>ad</strong></span> <span class='ocrx_word' id='word_1_133' title='bbox 1624 2005 1889 2075; x_wconf 85' lang='lat' dir='ltr'><strong>summum</strong></span> <span class='ocrx_word' id='word_1_134' title='bbox 1917 2004 2178 2073; x_wconf 85' lang='lat' dir='ltr'><strong>fastigium</strong></span> <span class='ocrx_word' id='word_1_135' title='bbox 2200 2020 2352 2053; x_wconf 88' lang='lat' dir='ltr'><strong>evec-</strong></span> 
     </span>
     <span class='ocr_line' id='line_1_19' title="bbox 709 2098 2353 2172; baseline -0.005 -16"><span class='ocrx_word' id='word_1_136' title='bbox 709 2115 794 2156; x_wconf 88' lang='lat' dir='ltr'><strong>tus</strong></span> <span class='ocrx_word' id='word_1_137' title='bbox 819 2106 907 2155; x_wconf 84' lang='lat' dir='ltr'><strong>est.</strong></span> <span class='ocrx_word' id='word_1_138' title='bbox 985 2102 1070 2154; x_wconf 90' lang='lat' dir='ltr'><strong>De</strong></span> <span class='ocrx_word' id='word_1_139' title='bbox 1106 2121 1210 2171; x_wconf 91' lang='lat' dir='ltr'><strong>qua</strong></span> <span class='ocrx_word' id='word_1_140' title='bbox 1249 2121 1304 2153; x_wconf 88' lang='lat' dir='ltr'><strong>re</strong></span> <span class='ocrx_word' id='word_1_141' title='bbox 1333 2103 1447 2172; x_wconf 88' lang='lat' dir='ltr'><strong>jam</strong></span> <span class='ocrx_word' id='word_1_142' title='bbox 1489 2101 1717 2151; x_wconf 80' lang='lat' dir='ltr'><strong>diximus</strong></span> <span class='ocrx_word' id='word_1_143' title='bbox 1748 2100 1802 2149; x_wconf 88' lang='lat' dir='ltr'><strong>in</strong></span> <span class='ocrx_word' id='word_1_144' title='bbox 1841 2099 2065 2149; x_wconf 90' lang='lat' dir='ltr'><strong>secunda</strong></span> <span class='ocrx_word' id='word_1_145' title='bbox 2092 2098 2353 2158; x_wconf 61' lang='lat' dir='ltr'><strong>Sectione,</strong></span> 
     </span>
     <span class='ocr_line' id='line_1_20' title="bbox 713 2191 2356 2263; baseline -0.005 -13"><span class='ocrx_word' id='word_1_146' title='bbox 713 2218 833 2250; x_wconf 92' lang='lat' dir='ltr'><strong>cum</strong></span> <span class='ocrx_word' id='word_1_147' title='bbox 863 2199 926 2248; x_wconf 93' lang='lat' dir='ltr'><strong>de</strong></span> <span class='ocrx_word' id='word_1_148' title='bbox 952 2197 1411 2248; x_wconf 84' lang='lat' dir='ltr'><strong>Anouschirwano</strong></span> <span class='ocrx_word' id='word_1_149' title='bbox 1438 2195 1637 2245; x_wconf 89' lang='lat' dir='ltr'><strong>Cobadi</strong></span> <span class='ocrx_word' id='word_1_150' title='bbox 1665 2194 1774 2244; x_wconf 85' lang='lat' dir='ltr'><strong>filio</strong></span> <span class='ocrx_word' id='word_1_151' title='bbox 1799 2210 2092 2263; x_wconf 60' lang='lat' dir='ltr'><strong>ageremus„</strong></span> <span class='ocrx_word' id='word_1_152' title='bbox 2144 2191 2356 2242; x_wconf 92' lang='lat' dir='ltr'><strong>Anous-</strong></span> 
     </span>
     <span class='ocr_line' id='line_1_21' title="bbox 714 2285 2357 2360; baseline -0.005 -16"><span class='ocrx_word' id='word_1_153' title='bbox 714 2294 1013 2344; x_wconf 81' lang='lat' dir='ltr'><strong>chirvvanus</strong></span> <span class='ocrx_word' id='word_1_154' title='bbox 1048 2292 1223 2360; x_wconf 87' lang='lat' dir='ltr'><strong>postea</strong></span> <span class='ocrx_word' id='word_1_155' title='bbox 1256 2308 1346 2340; x_wconf 85' lang='lat' dir='ltr'><strong>rex</strong></span> <span class='ocrx_word' id='word_1_156' title='bbox 1376 2289 1544 2340; x_wconf 54' lang='lat' dir='ltr'><strong>facffus</strong></span> <span class='ocrx_word' id='word_1_157' title='bbox 1570 2288 1894 2339; x_wconf 83' lang='lat' dir='ltr'><strong>Mondarum</strong></span> <span class='ocrx_word' id='word_1_158' title='bbox 1923 2286 2159 2345; x_wconf 86' lang='lat' dir='ltr'><strong>restituit,</strong></span> <span class='ocrx_word' id='word_1_159' title='bbox 2188 2285 2357 2336; x_wconf 88' lang='lat' dir='ltr'><strong>Hare-</strong></span> 
     </span>
     <span class='ocr_line' id='line_1_22' title="bbox 716 2381 2362 2452; baseline -0.004 -15"><span class='ocrx_word' id='word_1_160' title='bbox 716 2389 866 2438; x_wconf 87' lang='lat' dir='ltr'><strong>thum</strong></span> <span class='ocrx_word' id='word_1_161' title='bbox 908 2404 1033 2436; x_wconf 88' lang='lat' dir='ltr'><strong>vcro</strong></span> <span class='ocrx_word' id='word_1_162' title='bbox 1071 2385 1298 2452; x_wconf 84' lang='lat' dir='ltr'><strong>expulit:</strong></span> <span class='ocrx_word' id='word_1_163' title='bbox 1338 2383 1632 2452; x_wconf 91' lang='lat' dir='ltr'><strong>fugientem</strong></span> <span class='ocrx_word' id='word_1_164' title='bbox 1669 2381 1891 2432; x_wconf 87' lang='lat' dir='ltr'><strong>insecuti</strong></span> <span class='ocrx_word' id='word_1_165' title='bbox 1925 2381 2216 2450; x_wconf 84' lang='lat' dir='ltr'><strong>Taglebitae</strong></span> <span class='ocrx_word' id='word_1_166' title='bbox 2253 2397 2362 2430; x_wconf 90' lang='lat' dir='ltr'><strong>una</strong></span> 
     </span>
     <span class='ocr_line' id='line_1_23' title="bbox 716 2474 2362 2544; baseline -0.004 -13"><span class='ocrx_word' id='word_1_167' title='bbox 716 2500 836 2532; x_wconf 89' lang='lat' dir='ltr'><strong>cum</strong></span> <span class='ocrx_word' id='word_1_168' title='bbox 880 2481 991 2530; x_wconf 88' lang='lat' dir='ltr'><strong>aliis</strong></span> <span class='ocrx_word' id='word_1_169' title='bbox 1028 2479 1267 2530; x_wconf 82' lang='lat' dir='ltr'><strong>Arabum</strong></span> <span class='ocrx_word' id='word_1_170' title='bbox 1311 2477 1539 2544; x_wconf 83' lang='lat' dir='ltr'><strong>familiis,</strong></span> <span class='ocrx_word' id='word_1_171' title='bbox 1585 2494 1710 2544; x_wconf 90' lang='lat' dir='ltr'><strong>opes</strong></span> <span class='ocrx_word' id='word_1_172' title='bbox 1754 2476 1864 2544; x_wconf 85' lang='lat' dir='ltr'><strong>ejus</strong></span> <span class='ocrx_word' id='word_1_173' title='bbox 1906 2474 2169 2525; x_wconf 86' lang='lat' dir='ltr'><strong>universas</strong></span> <span class='ocrx_word' id='word_1_174' title='bbox 2208 2491 2362 2542; x_wconf 90' lang='lat' dir='ltr'><strong>cepe-</strong></span> 
     </span>
     <span class='ocr_line' id='line_1_24' title="bbox 718 2568 2365 2641; baseline -0.005 -15"><span class='ocrx_word' id='word_1_175' title='bbox 718 2585 860 2636; x_wconf 88' lang='lat' dir='ltr'><strong>runt,</strong></span> <span class='ocrx_word' id='word_1_176' title='bbox 886 2574 1142 2641; x_wconf 84' lang='lat' dir='ltr'><strong>fimulque</strong></span> <span class='ocrx_word' id='word_1_177' title='bbox 1178 2571 1523 2640; x_wconf 84' lang='lat' dir='ltr'><strong>quadraginta</strong></span> <span class='ocrx_word' id='word_1_178' title='bbox 1561 2569 1805 2638; x_wconf 82' lang='lat' dir='ltr'><strong>personas</strong></span> <span class='ocrx_word' id='word_1_179' title='bbox 1834 2570 1898 2619; x_wconf 91' lang='lat' dir='ltr'><strong>de</strong></span> <span class='ocrx_word' id='word_1_180' title='bbox 1922 2569 2135 2636; x_wconf 82' lang='lat' dir='ltr'><strong>posteris</strong></span> <span class='ocrx_word' id='word_1_181' title='bbox 2173 2568 2365 2638; x_wconf 88' lang='lat' dir='ltr'><strong>Hodjri</strong></span> 
     </span>
     <span class='ocr_line' id='line_1_25' title="bbox 720 2659 2396 2734; baseline -0.005 -14"><span class='ocrx_word' id='word_1_182' title='bbox 720 2666 1154 2728; x_wconf 66' lang='lat' dir='ltr'><strong>Abel-almarari,</strong></span> <span class='ocrx_word' id='word_1_183' title='bbox 1178 2685 1207 2716; x_wconf 92' lang='lat' dir='ltr'><strong>e</strong></span> <span class='ocrx_word' id='word_1_184' title='bbox 1233 2683 1459 2734; x_wconf 90' lang='lat' dir='ltr'><strong>quorum</strong></span> <span class='ocrx_word' id='word_1_185' title='bbox 1489 2681 1711 2714; x_wconf 91' lang='lat' dir='ltr'><strong>numero</strong></span> <span class='ocrx_word' id='word_1_186' title='bbox 1738 2663 1953 2713; x_wconf 90' lang='lat' dir='ltr'><strong>fuerunt</strong></span> <span class='ocrx_word' id='word_1_187' title='bbox 1978 2663 2071 2714; x_wconf 82' lang='lat' dir='ltr'><strong>filii</strong></span> <span class='ocrx_word' id='word_1_188' title='bbox 2097 2664 2203 2713; x_wconf 91' lang='lat' dir='ltr'><strong>duo</strong></span> <span class='ocrx_word' id='word_1_189' title='bbox 2230 2661 2365 2712; x_wconf 87' lang='lat' dir='ltr'><strong>mas·</strong></span> <span class='ocrx_word' id='word_1_190' title='bbox 2392 2659 2396 2694; x_wconf 84' lang='lat'><strong>.&#39;</strong></span> 
     </span>
     <span class='ocr_line' id='line_1_26' title="bbox 723 2757 2366 2828; baseline -0.005 -14"><span class='ocrx_word' id='word_1_191' title='bbox 723 2763 825 2815; x_wconf 90' lang='lat' dir='ltr'><strong>culi</strong></span> <span class='ocrx_word' id='word_1_192' title='bbox 853 2762 1075 2813; x_wconf 88' lang='lat' dir='ltr'><strong>Harethi</strong></span> <span class='ocrx_word' id='word_1_193' title='bbox 1102 2761 1272 2828; x_wconf 86' lang='lat' dir='ltr'><strong>ipfius.</strong></span> <span class='ocrx_word' id='word_1_194' title='bbox 1325 2759 1439 2809; x_wconf 85' lang='lat' dir='ltr'><strong>Hos</strong></span> <span class='ocrx_word' id='word_1_195' title='bbox 1461 2759 1697 2826; x_wconf 87' lang='lat' dir='ltr'><strong>captivos</strong></span> <span class='ocrx_word' id='word_1_196' title='bbox 1717 2759 1783 2807; x_wconf 87' lang='lat' dir='ltr'><strong>ad</strong></span> <span class='ocrx_word' id='word_1_197' title='bbox 1804 2776 1972 2807; x_wconf 91' lang='lat' dir='ltr'><strong>unum</strong></span> <span class='ocrx_word' id='word_1_198' title='bbox 1996 2774 2181 2807; x_wconf 91' lang='lat' dir='ltr'><strong>omnes</strong></span> <span class='ocrx_word' id='word_1_199' title='bbox 2202 2757 2366 2807; x_wconf 89' lang='lat' dir='ltr'><strong>inter-</strong></span> 
     </span>
     <span class='ocr_line' id='line_1_27' title="bbox 725 2833 2414 2923; baseline -0.004 -15"><span class='ocrx_word' id='word_1_200' title='bbox 725 2858 849 2908; x_wconf 89' lang='lat' dir='ltr'><strong>fecit</strong></span> <span class='ocrx_word' id='word_1_201' title='bbox 877 2857 1185 2912; x_wconf 86' lang='lat' dir='ltr'><strong>Mondarus,</strong></span> <span class='ocrx_word' id='word_1_202' title='bbox 1214 2856 1268 2904; x_wconf 93' lang='lat' dir='ltr'><strong>in</strong></span> <span class='ocrx_word' id='word_1_203' title='bbox 1308 2853 1521 2923; x_wconf 88' lang='lat' dir='ltr'><strong>regione</strong></span> <span class='ocrx_word' id='word_1_204' title='bbox 1557 2869 1715 2919; x_wconf 89' lang='lat' dir='ltr'><strong>quam</strong></span> <span class='ocrx_word' id='word_1_205' title='bbox 1755 2851 2056 2901; x_wconf 86' lang='lat' dir='ltr'><strong>incolebant</strong></span> <span class='ocrx_word' id='word_1_206' title='bbox 2082 2850 2366 2902; x_wconf 84' lang='lat' dir='ltr'><strong>Merinitae.</strong></span> <span class='ocrx_word' id='word_1_207' title='bbox 2394 2833 2414 2853; x_wconf 45' lang='lat'><em>⁷</em></span> 
     </span>
     <span class='ocr_line' id='line_1_28' title="bbox 725 2927 2398 3019; baseline -0.004 -17"><span class='ocrx_word' id='word_1_208' title='bbox 725 2951 888 3019; x_wconf 82' lang='lat' dir='ltr'><strong>Cujus</strong></span> <span class='ocrx_word' id='word_1_209' title='bbox 926 2951 998 3000; x_wconf 87' lang='lat' dir='ltr'><strong>rei</strong></span> <span class='ocrx_word' id='word_1_210' title='bbox 1039 2949 1365 3000; x_wconf 88' lang='lat' dir='ltr'><strong>mentionem</strong></span> <span class='ocrx_word' id='word_1_211' title='bbox 1413 2947 1538 2996; x_wconf 88' lang='lat' dir='ltr'><strong>facit</strong></span> <span class='ocrx_word' id='word_1_212' title='bbox 1575 2946 1656 2995; x_wconf 85' lang='lat' dir='ltr'><strong>his</strong></span> <span class='ocrx_word' id='word_1_213' title='bbox 1696 2945 1924 2995; x_wconf 84' lang='lat' dir='ltr'><strong>verfibus</strong></span> <span class='ocrx_word' id='word_1_214' title='bbox 1964 2927 2398 2996; x_wconf 55' lang='lat' dir='ltr'><strong>Amrial—kaisua</strong></span> 
     </span>
     <span class='ocr_line' id='line_1_29' title="bbox 726 3039 2003 3109; baseline -0.006 -13"><span class='ocrx_word' id='word_1_215' title='bbox 726 3046 861 3096; x_wconf 86' lang='lat' dir='ltr'><strong>filius</strong></span> <span class='ocrx_word' id='word_1_216' title='bbox 889 3044 1094 3109; x_wconf 78' lang='lat' dir='ltr'><strong>Hodjri,</strong></span> <span class='ocrx_word' id='word_1_217' title='bbox 1119 3041 1342 3093; x_wconf 84' lang='lat' dir='ltr'><strong>Harethi</strong></span> <span class='ocrx_word' id='word_1_218' title='bbox 1366 3058 1490 3090; x_wconf 81' lang='lat' dir='ltr'><strong>vero</strong></span> <span class='ocrx_word' id='word_1_219' title='bbox 1517 3039 1797 3107; x_wconf 59' lang='lat' dir='ltr'><strong>supradicti</strong></span> <span class='ocrx_word' id='word_1_220' title='bbox 1824 3057 2003 3108; x_wconf 84' lang='lat' dir='ltr'><strong>nepos.</strong></span> 
     </span>
    </p>
   </div>
   <div class='ocr_carea' id='block_1_7' title="bbox 290 237 2470 3207">
    <p class='ocr_par' dir='ltr' id='par_1_8' title="bbox 290 237 2470 3207">
     <span class='ocr_line' id='line_1_30' title="bbox 290 237 2470 3207; baseline 0 0"><span class='ocrx_word' id='word_1_221' title='bbox 290 237 2470 3207; x_wconf 95' lang='lat' dir='ltr'><strong> </strong></span> 
     </span>
    </p>
   </div>
  </div>
 </body>
</html>
