2498 3575
389 322 488 392 5⁶8
1201 321 1712 365 EX‘CERPTA

635 493 775 560 prius
799 492 948 542 Fabri
978 492 1207 560 posteros
1229 493 1669 562 congregavifi'et3
1705 494 1826 561 quia
1845 511 1934 544 eos
1955 494 2093 545 circa
2110 495 2280 546 aedem

635 587 828 636 sacram
878 585 1181 653 harraseha,
1228 587 1278 636 id
1325 587 1414 646 est,
1462 588 1803 656 congregavit
1832 609 1843 639 ε
1902 589 2126 657 ideoque
2167 589 2284 640 illos

637 680 988 731 Koreischitas
1016 681 1199 731 dustos,
1265 680 1398 732 Haee
1425 682 1584 732 habet
1610 681 1729 732 Ebn
1758 682 1938 733 Saidus
1964 683 2280 745 Africanus3

635 776 776 842 quod
820 775 855 824 fi
897 784 1158 835 tenemuS‚
1204 774 1520 826 Koreischus
1562 794 1672 826 non
1713 778 1786 827 est
1824 795 2090 847 agnomen
2129 777 2284 846 ipfius

636 870 804 929 Fabri,
834 869 919 920 sed
947 869 1097 920 Fabri
1125 871 1466 937 posterorum.
2476 862 2489 915 ’ἶ

2479 842 2487 858 ,ι
2482 781 2486 798 .,
2474 655 2486 766 ,ομ

711 964 946 1015 Maleeus
969 965 1171 1015 nullum
1193 964 1355 1015 alium
1378 966 1545 1015 filium
1570 966 1755 1016 habuit
1776 967 2128 1035 praeterl1une
2150 966 2285 1019 Fah-

637 1078 771 1119 rum,
800 1060 888 1127 qui
917 1060 1052 1110 inter
1081 1060 1302 1128 majores
1328 1061 1601 1128 prophetae'
1628 1061 1942 1111 recensetur.

711 1153 851 1204 Huic
880 1154 1047 1204 Fahro
1075 1163 1228 1205 natus
1254 1155 1326 1205 est
1348 1154 1596 1216 Galebus,
1617 1155 1708 1224 qui
1734 1156 1790 1206 in
1816 1155 1942 1206 serie
1967 1156 2288 1226 genealogiae
2344 1162 2347 1223 Α

584 1282 588 1286 -
636 1250 909 1317 prophetae
935 1249 1113 1300 locum
1143 1258 1367 1318 occupat
1393 1270 1404 1300 z
1447 1251 1578 1300 duos
1604 1259 1857 1318 praeterea
1883 1251 2035 1312 filios,
2065 1251 2155 1319 qui
2180 1251 2289 1302 avis

637 1345 910 1412 prophetae.
937 1344 1078 1394 haud
1105 1344 1464 1405 accensentur,
1485 1345 1688 1406 habuit,
1712 1345 2067 1397 Moharebum
2096 1355 2149 1397 et
2175 1345 2288 1398 Ha-

637 1440 866 1489 rethum.
932 1439 981 1490 A
1012 1438 1308 1490 Moharebo
1335 1440 1435 1490 orti
1463 1440 1832 1501 Moharebitae,
1861 1450 1912 1491 et
1947 1442 2013 1492 ab
2049 1440 2288 1492 Haretho

639 1533 941 1602 Khaldjitae,
981 1551 1010 1584 e
1048 1534 1239 1602 quibus
1278 1534 1379 1584 fuit
1414 1534 1809 1585 Abou—Obeida
1847 1536 1985 1586 filius
2024 1534 2288 1606 Djarrahi,

637 1645 774 1678 unus
813 1646 842 1678 e
882 1629 1064 1679 decem
1104 1628 1203 1679 illis
1253 1627 1465 1698 [quibus
1507 1629 1771 1698 paradisus
1805 1648 1836 1681 a
1873 1631 2131 1698 propheta
2164 1649 2287 1699 pro-

348 1724 371 1746 *
394 1721 482 1757 Vid.
512 1721 610 1757 An„
641 1723 816 1773 miffus
843 1722 963 1792 fuit]
984 1724 1032 1772 ³⁶⁶.

305 1835 594 1893 ¹tom.1.p.245.
715 1818 945 1869 Galebus
983 1818 1150 1869 filium
1192 1818 1377 1869 habuit
1411 1818 1765 1889 Lowayyum,
1802 1838 1908 1888 quo
1949 1820 2292 1871 continuatur

306 1904 308 1914 ¹
349 1928 388 1965 P.
410 1927 501 1977 489.
640 1914 912 1981 prophetae
945 1913 1268 1983 genealogia,
1304 1922 1357 1964 et
1393 1923 1644 1982 praeterea
1682 1924 1828 1965 extra
1866 1915 2004 1966 hane
2042 1916 2290 1985 genealo-

319 3161 2331 3198 ·——-—---———————-1-—-——-—-—

640 2009 782 2078 giam
814 2008 1082 2069 Taimum,
1110 2008 1314 2059 Adram
1340 2009 1559 2070 dhstum,
1588 2010 1639 2060 id
1666 2010 1754 2070 est,
1785 2018 2027 2061 mentum
2053 2011 2293 2062 imberbe

642 2104 946 2164 habentem,
975 2105 1121 2172 eujus
1147 2105 1334 2171 posteri
1362 2103 1653 2156 Adramitae
1680 2105 1805 2155 diffi
1831 2106 1967 2156 sunt.

719 2199 820 2248 Sex
863 2198 996 2248 filios
1041 2199 1225 2248 habuit
1266 2198 1587 2268 Lowayyus,
1631 2199 1825 2250 scilicet
1867 2200 2105 2251 Caabum
2153 2201 2292 2252 inter

645 2294 867 2362 majores
918 2293 1313 2344 Mohammedis
1364 2294 1761 2355 recensendum,
1808 2303 1862 2345 et
1910 2304 2058 2346 extra
2106 2295 2292 2347 seriem

646 2388 906 2456 majorum
942 2390 1071 2457 ejus,
1107 2388 1352 2449 Saadum,
1381 2387 1751 2450 Khozaimam,
1780 2388 2099 2452 Harethum,
2125 2377 2293 2441 Afne-

647 2501 764 2533 rum
791 2492 844 2533 et
870 2482 1119 2533 Asamam
1147 2503 1159 2534 z
1199 2483 1391 2549 horum
1415 2482 1631 2551 quisque
1655 2485 1884 2552 posteros
1911 2485 2122 2553 reliquit
2147 2503 2177 2536 a
2203 2485 2294 2536 suo

649 2578 865 2628 nomine
890 2578 1196 2646 appellatos,
1218 2587 1409 2646 praeter
1434 2577 1750 2630 Harethum.
1799 2579 1843 2630 E
1868 2581 2083 2649 posteris
2109 2580 2296 2632 Ameri

648 2672 740 2722 filii
760 2672 1019 2741 Lowayyi
1043 2672 1144 2723 fuit
1169 2673 1366 2723 Amrus
1392 2673 1529 2723 filius
1551 2672 1870 2735 Abdwaddi,
1891 2692 2041 2745 eques
2059 2673 2296 2726 Arabum

650 2766 836 2827 dfflkus,
865 2784 1024 2835 quem
1054 2767 1247 2818 occidit
1272 2768 1423 2818 Alius
1449 2766 1769 2819 Aboutalebi
1795 2770 1949 2821 filius.

723 2860 900 2911 Caabo
935 2871 1087 2912 natus
1122 2861 1322 2922 Morta,
1349 2862 1440 2930 qui
1473 2863 1527 2913 in
1553 2863 1680 2914 serie
1705 2882 1923 2915 avorum
1952 2864 2293 2916 Mohamme—

651 2955 727 3004 dis
764 2955 939 3006 locum
986 2956 1209 3016 obtinet,
1250 2965 1302 3006 et
1343 2966 1490 3008 extra
1531 2958 1669 3008 hanc
1713 2958 1914 3019 seriem,
1954 2958 2200 3010 Hosaisus
2243 2967 2297 3010 et

650 3048 833 3100 Adius.
913 3049 1188 3101 Hosaisum
1215 3060 1453 3101 autorem
1480 3051 1773 3122 agnoscunt
1799 3052 2138 3122 Djamahitae,
2159 3055 2297 3104 inter
