<?xml version="1.0" encoding="UTF-8"?>
<!DOCTYPE html PUBLIC "-//W3C//DTD XHTML 1.0 Transitional//EN"
    "http://www.w3.org/TR/xhtml1/DTD/xhtml1-transitional.dtd">
<html xmlns="http://www.w3.org/1999/xhtml" xml:lang="en" lang="en">
 <head>
  <title>
</title>
<meta http-equiv="Content-Type" content="text/html;charset=utf-8" />
  <meta name='ocr-system' content='tesseract 3.04.00' />
  <meta name='ocr-capabilities' content='ocr_page ocr_carea ocr_par ocr_line ocrx_word'/>
</head>
<body>
  <div class='ocr_page' id='page_1' title='image "./specimenhistoria00pocouoft_0216.png"; bbox 0 0 2498 3575; ppageno 0'>
   <div class='ocr_carea' id='block_1_1' title="bbox 449 322 548 373">
    <p class='ocr_par' dir='ltr' id='par_1_1' title="bbox 449 322 548 373">
     <span class='ocr_line' id='line_1_1' title="bbox 449 322 548 373; baseline -0.02 -17"><span class='ocrx_word' id='word_1_1' title='bbox 449 322 548 373; x_wconf 90' lang='lat'><em>190</em></span> 
     </span>
    </p>
   </div>
   <div class='ocr_carea' id='block_1_2' title="bbox 366 421 641 433">
    <p class='ocr_par' dir='ltr' id='par_1_2' title="bbox 366 421 641 433">
     <span class='ocr_line' id='line_1_2' title="bbox 366 421 641 433; baseline 0 0"><span class='ocrx_word' id='word_1_2' title='bbox 366 421 641 433; x_wconf 95' lang='lat' dir='ltr'><em> </em></span> 
     </span>
    </p>
   </div>
   <div class='ocr_carea' id='block_1_3' title="bbox 377 2389 618 2439">
    <p class='ocr_par' dir='ltr' id='par_1_3' title="bbox 377 2389 618 2439">
     <span class='ocr_line' id='line_1_3' title="bbox 377 2389 618 2439; baseline -0.004 -13"><span class='ocrx_word' id='word_1_3' title='bbox 377 2390 414 2426; x_wconf 90' lang='lat' dir='ltr'><em>P.</em></span> <span class='ocrx_word' id='word_1_4' title='bbox 437 2389 618 2439; x_wconf 81' lang='lat' dir='ltr'><em>15.l.17.</em></span> 
     </span>
    </p>
   </div>
   <div class='ocr_carea' id='block_1_4' title="bbox 349 3143 2394 3211">
    <p class='ocr_par' dir='ltr' id='par_1_4' title="bbox 349 3143 2394 3211">
     <span class='ocr_line' id='line_1_4' title="bbox 349 3143 2394 3211; baseline 0 364"><span class='ocrx_word' id='word_1_5' title='bbox 349 3143 2394 3211; x_wconf 95' lang='lat' dir='ltr'><em> </em></span> 
     </span>
    </p>
   </div>
   <div class='ocr_carea' id='block_1_5' title="bbox 1298 305 1724 348">
    <p class='ocr_par' dir='ltr' id='par_1_5' title="bbox 1298 305 1724 348">
     <span class='ocr_line' id='line_1_5' title="bbox 1298 305 1724 348; baseline 0 0"><span class='ocrx_word' id='word_1_6' title='bbox 1298 305 1724 348; x_wconf 91' lang='lat' dir='ltr'><strong>NOTAE.</strong></span> 
     </span>
    </p>
   </div>
   <div class='ocr_carea' id='block_1_6' title="bbox 692 478 2318 552">
    <p class='ocr_par' dir='ltr' id='par_1_6' title="bbox 692 478 2318 552">
     <span class='ocr_line' id='line_1_6' title="bbox 692 478 2318 552; baseline -0.001 -20"><span class='ocrx_word' id='word_1_7' title='bbox 692 481 846 550; x_wconf 76' lang='lat' dir='ltr'><em>Verfio</em></span> <span class='ocrx_word' id='word_1_8' title='bbox 863 480 1182 551; x_wconf 82' lang='lat' dir='ltr'><em>septuaginta</em></span> <span class='ocrx_word' id='word_1_9' title='bbox 1224 479 1620 552; x_wconf 87' lang='lat' dir='ltr'><em>[Interpretum]</em></span> <span class='ocrx_word' id='word_1_10' title='bbox 1664 479 1747 530; x_wconf 87' lang='lat' dir='ltr'><em>illa</em></span> <span class='ocrx_word' id='word_1_11' title='bbox 1785 479 1844 550; x_wconf 70' lang='lat' dir='ltr'><em>est</em></span> <span class='ocrx_word' id='word_1_12' title='bbox 1882 497 2024 551; x_wconf 87' lang='lat' dir='ltr'><em>quam</em></span> <span class='ocrx_word' id='word_1_13' title='bbox 2039 478 2318 548; x_wconf 73' lang='lat' dir='ltr'><em>sequuntur</em></span> 
     </span>
    </p>
   </div>
   <div class='ocr_carea' id='block_1_7' title="bbox 685 572 2323 1118">
    <p class='ocr_par' dir='ltr' id='par_1_7' title="bbox 685 572 2323 1118">
     <span class='ocr_line' id='line_1_7' title="bbox 685 572 2316 647; baseline -0.001 -21"><span class='ocrx_word' id='word_1_14' title='bbox 685 574 817 647; x_wconf 88' lang='lat' dir='ltr'><em>apud</em></span> <span class='ocrx_word' id='word_1_15' title='bbox 834 594 912 626; x_wconf 88' lang='lat' dir='ltr'><em>nos</em></span> <span class='ocrx_word' id='word_1_16' title='bbox 936 573 1074 637; x_wconf 67' lang='lat' dir='ltr'><em>docti,</em></span> <span class='ocrx_word' id='word_1_17' title='bbox 1099 586 1146 626; x_wconf 88' lang='lat' dir='ltr'><em>et</em></span> <span class='ocrx_word' id='word_1_18' title='bbox 1170 594 1279 645; x_wconf 82' lang='lat' dir='ltr'><em>quae</em></span> <span class='ocrx_word' id='word_1_19' title='bbox 1310 576 1590 626; x_wconf 82' lang='lat' dir='ltr'><em>Graecorum</em></span> <span class='ocrx_word' id='word_1_20' title='bbox 1617 573 1830 626; x_wconf 87' lang='lat' dir='ltr'><em>manibus</em></span> <span class='ocrx_word' id='word_1_21' title='bbox 1853 574 2053 634; x_wconf 87' lang='lat' dir='ltr'><em>teritur,</em></span> <span class='ocrx_word' id='word_1_22' title='bbox 2078 572 2316 624; x_wconf 86' lang='lat' dir='ltr'><em>aliarum-</em></span> 
     </span>
     <span class='ocr_line' id='line_1_8' title="bbox 688 668 2320 743; baseline -0.002 -21"><span class='ocrx_word' id='word_1_23' title='bbox 688 690 775 743; x_wconf 85' lang='lat' dir='ltr'><em>que</em></span> <span class='ocrx_word' id='word_1_24' title='bbox 798 668 932 741; x_wconf 88' lang='lat' dir='ltr'><em>apud</em></span> <span class='ocrx_word' id='word_1_25' title='bbox 953 669 1243 739; x_wconf 71' lang='lat' dir='ltr'><em>Christianos</em></span> <span class='ocrx_word' id='word_1_26' title='bbox 1264 669 1532 740; x_wconf 62' lang='lat' dir='ltr'><em>fictarum,</em></span> <span class='ocrx_word' id='word_1_27' title='bbox 1559 669 1760 740; x_wconf 89' lang='lat' dir='ltr'><em>exceptis</em></span> <span class='ocrx_word' id='word_1_28' title='bbox 1798 668 1949 740; x_wconf 86' lang='lat' dir='ltr'><em>Syris,</em></span> <span class='ocrx_word' id='word_1_29' title='bbox 1988 686 2046 719; x_wconf 86' lang='lat' dir='ltr'><em>ac</em></span> <span class='ocrx_word' id='word_1_30' title='bbox 2071 668 2320 738; x_wconf 81' lang='lat' dir='ltr'><em>praecipue</em></span> 
     </span>
     <span class='ocr_line' id='line_1_9' title="bbox 692 761 2318 835; baseline -0.002 -19"><span class='ocrx_word' id='word_1_31' title='bbox 692 764 1019 817; x_wconf 81' lang='lat' dir='ltr'><em>Orientalibus</em></span> <span class='ocrx_word' id='word_1_32' title='bbox 1033 763 1295 835; x_wconf 80' lang='lat' dir='ltr'><em>:siquidem</em></span> <span class='ocrx_word' id='word_1_33' title='bbox 1315 763 1550 835; x_wconf 83' lang='lat' dir='ltr'><em>exemplar</em></span> <span class='ocrx_word' id='word_1_34' title='bbox 1569 763 1769 835; x_wconf 81' lang='lat' dir='ltr'><em>ipsorum</em></span> <span class='ocrx_word' id='word_1_35' title='bbox 1786 761 1910 834; x_wconf 86' lang='lat' dir='ltr'><em>quod</em></span> <span class='ocrx_word' id='word_1_36' title='bbox 1930 762 2136 833; x_wconf 85' lang='lat' dir='ltr'><em>Simplex</em></span> <span class='ocrx_word' id='word_1_37' title='bbox 2154 761 2318 833; x_wconf 85' lang='lat' dir='ltr'><em>appel·</em></span> 
     </span>
     <span class='ocr_line' id='line_1_10' title="bbox 687 856 2322 931; baseline -0.002 -20"><span class='ocrx_word' id='word_1_38' title='bbox 687 860 840 921; x_wconf 85' lang='lat' dir='ltr'><em>latur,</em></span> <span class='ocrx_word' id='word_1_39' title='bbox 869 858 980 930; x_wconf 87' lang='lat' dir='ltr'><em>quia</em></span> <span class='ocrx_word' id='word_1_40' title='bbox 1005 861 1086 931; x_wconf 84' lang='lat' dir='ltr'><em>qui</em></span> <span class='ocrx_word' id='word_1_41' title='bbox 1111 857 1234 910; x_wconf 78' lang='lat' dir='ltr'><em>illud</em></span> <span class='ocrx_word' id='word_1_42' title='bbox 1252 857 1561 910; x_wconf 80' lang='lat' dir='ltr'><em>elaborarunt</em></span> <span class='ocrx_word' id='word_1_43' title='bbox 1584 857 1639 909; x_wconf 88' lang='lat' dir='ltr'><em>de</em></span> <span class='ocrx_word' id='word_1_44' title='bbox 1664 869 1837 909; x_wconf 86' lang='lat' dir='ltr'><em>ornatu</em></span> <span class='ocrx_word' id='word_1_45' title='bbox 1862 856 2116 908; x_wconf 85' lang='lat' dir='ltr'><em>verborum</em></span> <span class='ocrx_word' id='word_1_46' title='bbox 2122 856 2322 927; x_wconf 80' lang='lat' dir='ltr'><em>solliciti.</em></span> 
     </span>
     <span class='ocr_line' id='line_1_11' title="bbox 688 951 2322 1026; baseline -0.002 -20"><span class='ocrx_word' id='word_1_47' title='bbox 688 975 775 1006; x_wconf 91' lang='lat' dir='ltr'><em>non</em></span> <span class='ocrx_word' id='word_1_48' title='bbox 795 955 1031 1026; x_wconf 88' lang='lat' dir='ltr'><em>fuerunt,</em></span> <span class='ocrx_word' id='word_1_49' title='bbox 1060 953 1276 1005; x_wconf 85' lang='lat' dir='ltr'><em>convenit</em></span> <span class='ocrx_word' id='word_1_50' title='bbox 1315 972 1421 1004; x_wconf 89' lang='lat' dir='ltr'><em>cum</em></span> <span class='ocrx_word' id='word_1_51' title='bbox 1456 953 1718 1024; x_wconf 86' lang='lat' dir='ltr'><em>exemplari</em></span> <span class='ocrx_word' id='word_1_52' title='bbox 1746 951 2039 1023; x_wconf 79' lang='lat' dir='ltr'><em>Judaeorum</em></span> <span class='ocrx_word' id='word_1_53' title='bbox 2061 977 2078 1013; x_wconf 65' lang='grc' dir='ltr'><strong><em>ς</em></strong></span> <span class='ocrx_word' id='word_1_54' title='bbox 2116 962 2172 1002; x_wconf 85' lang='lat' dir='ltr'><em>at</em></span> <span class='ocrx_word' id='word_1_55' title='bbox 2208 952 2322 1022; x_wconf 86' lang='lat' dir='ltr'><em>Syri</em></span> 
     </span>
     <span class='ocr_line' id='line_1_12' title="bbox 689 1045 2323 1118; baseline -0.002 -18"><span class='ocrx_word' id='word_1_56' title='bbox 689 1048 1062 1101; x_wconf 86' lang='lat' dir='ltr'><em>occidentaliores</em></span> <span class='ocrx_word' id='word_1_57' title='bbox 1091 1047 1209 1100; x_wconf 88' lang='lat' dir='ltr'><em>duas</em></span> <span class='ocrx_word' id='word_1_58' title='bbox 1237 1047 1410 1099; x_wconf 78' lang='lat' dir='ltr'><em>habent</em></span> <span class='ocrx_word' id='word_1_59' title='bbox 1434 1047 1678 1116; x_wconf 70' lang='lat' dir='ltr'><em>verstones,</em></span> <span class='ocrx_word' id='word_1_60' title='bbox 1709 1047 1970 1118; x_wconf 87' lang='lat' dir='ltr'><em>Simplicem</em></span> <span class='ocrx_word' id='word_1_61' title='bbox 2005 1045 2137 1116; x_wconf 90' lang='lat' dir='ltr'><em>istam</em></span> <span class='ocrx_word' id='word_1_62' title='bbox 2164 1065 2274 1118; x_wconf 84' lang='lat' dir='ltr'><em>quae</em></span> <span class='ocrx_word' id='word_1_63' title='bbox 2298 1065 2323 1098; x_wconf 95' lang='lat' dir='ltr'><em>e</em></span> 
     </span>
    </p>
   </div>
   <div class='ocr_carea' id='block_1_8' title="bbox 687 1140 2416 1216">
    <p class='ocr_par' dir='ltr' id='par_1_8' title="bbox 687 1140 2416 1216">
     <span class='ocr_line' id='line_1_13' title="bbox 687 1140 2416 1216; baseline -0.001 -20"><span class='ocrx_word' id='word_1_64' title='bbox 687 1145 853 1216; x_wconf 86' lang='lat' dir='ltr'><em>lingua</em></span> <span class='ocrx_word' id='word_1_65' title='bbox 887 1143 1136 1196; x_wconf 89' lang='lat' dir='ltr'><em>Hebraica</em></span> <span class='ocrx_word' id='word_1_66' title='bbox 1173 1145 1221 1194; x_wconf 88' lang='lat' dir='ltr'><em>in</em></span> <span class='ocrx_word' id='word_1_67' title='bbox 1261 1145 1507 1215; x_wconf 84' lang='lat' dir='ltr'><em>Syriacam</em></span> <span class='ocrx_word' id='word_1_68' title='bbox 1552 1140 1788 1212; x_wconf 73' lang='lat' dir='ltr'><em>translata</em></span> <span class='ocrx_word' id='word_1_69' title='bbox 1830 1142 1891 1214; x_wconf 74' lang='lat' dir='ltr'><em>est</em></span> <span class='ocrx_word' id='word_1_70' title='bbox 1923 1141 2025 1213; x_wconf 85' lang='lat' dir='ltr'><em>post</em></span> <span class='ocrx_word' id='word_1_71' title='bbox 2063 1140 2322 1194; x_wconf 86' lang='lat' dir='ltr'><em>adventum</em></span> <span class='ocrx_word' id='word_1_72' title='bbox 2406 1167 2416 1179; x_wconf 90' lang='lat'><strong>·</strong></span> 
     </span>
    </p>
   </div>
   <div class='ocr_carea' id='block_1_9' title="bbox 689 1236 2333 3008">
    <p class='ocr_par' dir='ltr' id='par_1_9' title="bbox 689 1236 2326 2355">
     <span class='ocr_line' id='line_1_14' title="bbox 692 1236 2321 1309; baseline -0.001 -19"><span class='ocrx_word' id='word_1_73' title='bbox 692 1239 892 1291; x_wconf 83' lang='lat' dir='ltr'><em>Domini</em></span> <span class='ocrx_word' id='word_1_74' title='bbox 933 1238 1124 1309; x_wconf 70' lang='lat' dir='ltr'><em>Christi,</em></span> <span class='ocrx_word' id='word_1_75' title='bbox 1167 1250 1370 1309; x_wconf 88' lang='lat' dir='ltr'><em>tempore</em></span> <span class='ocrx_word' id='word_1_76' title='bbox 1410 1236 1586 1288; x_wconf 75' lang='lat' dir='ltr'><em>Addaei</em></span> <span class='ocrx_word' id='word_1_77' title='bbox 1625 1237 1827 1309; x_wconf 86' lang='lat' dir='ltr'><em>apostoli,</em></span> <span class='ocrx_word' id='word_1_78' title='bbox 1871 1237 1965 1299; x_wconf 87' lang='lat' dir='ltr'><em>vel,</em></span> <span class='ocrx_word' id='word_1_79' title='bbox 1989 1236 2148 1306; x_wconf 87' lang='lat' dir='ltr'><em>juxta</em></span> <span class='ocrx_word' id='word_1_80' title='bbox 2189 1236 2321 1299; x_wconf 85' lang='lat' dir='ltr'><em>alios,</em></span> 
     </span>
     <span class='ocr_line' id='line_1_15' title="bbox 689 1331 2320 1404; baseline -0.001 -19"><span class='ocrx_word' id='word_1_81' title='bbox 689 1345 800 1385; x_wconf 90' lang='lat' dir='ltr'><em>ante</em></span> <span class='ocrx_word' id='word_1_82' title='bbox 825 1353 945 1394; x_wconf 90' lang='lat' dir='ltr'><em>eum,</em></span> <span class='ocrx_word' id='word_1_83' title='bbox 974 1345 1177 1404; x_wconf 88' lang='lat' dir='ltr'><em>tempore</em></span> <span class='ocrx_word' id='word_1_84' title='bbox 1199 1333 1452 1384; x_wconf 86' lang='lat' dir='ltr'><em>Salomonis</em></span> <span class='ocrx_word' id='word_1_85' title='bbox 1457 1333 1567 1402; x_wconf 82' lang='lat' dir='ltr'><em>filii</em></span> <span class='ocrx_word' id='word_1_86' title='bbox 1587 1331 1777 1394; x_wconf 86' lang='lat' dir='ltr'><em>David,</em></span> <span class='ocrx_word' id='word_1_87' title='bbox 1800 1343 1847 1383; x_wconf 89' lang='lat' dir='ltr'><em>et</em></span> <span class='ocrx_word' id='word_1_88' title='bbox 1872 1331 2077 1383; x_wconf 85' lang='lat' dir='ltr'><em>Hirami</em></span> <span class='ocrx_word' id='word_1_89' title='bbox 2082 1357 2099 1393; x_wconf 83' lang='lat'>3</span> <span class='ocrx_word' id='word_1_90' title='bbox 2125 1343 2174 1383; x_wconf 90' lang='lat' dir='ltr'><em>et</em></span> <span class='ocrx_word' id='word_1_91' title='bbox 2195 1331 2320 1384; x_wconf 89' lang='lat' dir='ltr'><em>alte-</em></span> 
     </span>
     <span class='ocr_line' id='line_1_16' title="bbox 693 1426 2321 1499; baseline -0.001 -19"><span class='ocrx_word' id='word_1_92' title='bbox 693 1449 797 1480; x_wconf 87' lang='lat' dir='ltr'><em>ram</em></span> <span class='ocrx_word' id='word_1_93' title='bbox 810 1431 856 1480; x_wconf 83' lang='lat' dir='ltr'><em>F</em></span> <span class='ocrx_word' id='word_1_94' title='bbox 860 1431 875 1479; x_wconf 83' lang='lat' dir='ltr'><em>i</em></span> <span class='ocrx_word' id='word_1_95' title='bbox 872 1440 1124 1499; x_wconf 82' lang='lat' dir='ltr'><em>guratam,</em></span> <span class='ocrx_word' id='word_1_96' title='bbox 1132 1427 1288 1497; x_wconf 85' lang='lat' dir='ltr'><em>juxta</em></span> <span class='ocrx_word' id='word_1_97' title='bbox 1288 1427 1606 1499; x_wconf 72' lang='lat' dir='ltr'><em>stptuaginta</em></span> <span class='ocrx_word' id='word_1_98' title='bbox 1605 1427 1850 1498; x_wconf 74' lang='lat' dir='ltr'><em>seniorum</em></span> <span class='ocrx_word' id='word_1_99' title='bbox 1867 1426 2321 1498; x_wconf 83' lang='lat' dir='ltr'><em>interpretationem,</em></span> 
     </span>
     <span class='ocr_line' id='line_1_17' title="bbox 692 1520 2321 1594; baseline -0.001 -19"><span class='ocrx_word' id='word_1_100' title='bbox 692 1544 715 1575; x_wconf 93' lang='lat' dir='ltr'><em>e</em></span> <span class='ocrx_word' id='word_1_101' title='bbox 746 1524 912 1594; x_wconf 84' lang='lat' dir='ltr'><em>lingua</em></span> <span class='ocrx_word' id='word_1_102' title='bbox 941 1525 1120 1574; x_wconf 83' lang='lat' dir='ltr'><em>Graeca</em></span> <span class='ocrx_word' id='word_1_103' title='bbox 1154 1523 1202 1574; x_wconf 88' lang='lat' dir='ltr'><em>in</em></span> <span class='ocrx_word' id='word_1_104' title='bbox 1239 1524 1487 1594; x_wconf 86' lang='lat' dir='ltr'><em>Syriacam</em></span> <span class='ocrx_word' id='word_1_105' title='bbox 1521 1521 1813 1583; x_wconf 68' lang='lat' dir='ltr'><em>traduttam‚</em></span> <span class='ocrx_word' id='word_1_106' title='bbox 1840 1521 1971 1592; x_wconf 86' lang='lat' dir='ltr'><em>longo</em></span> <span class='ocrx_word' id='word_1_107' title='bbox 1998 1520 2100 1593; x_wconf 89' lang='lat' dir='ltr'><em>post</em></span> <span class='ocrx_word' id='word_1_108' title='bbox 2140 1521 2321 1574; x_wconf 87' lang='lat' dir='ltr'><em>Salva-</em></span> 
     </span>
     <span class='ocr_line' id='line_1_18' title="bbox 693 1617 2323 1670; baseline 0.001 -1"><span class='ocrx_word' id='word_1_109' title='bbox 693 1619 810 1670; x_wconf 86' lang='lat' dir='ltr'><em>toris</em></span> <span class='ocrx_word' id='word_1_110' title='bbox 829 1618 1198 1669; x_wconf 78' lang='lat' dir='ltr'><em>incarnationem</em></span> <span class='ocrx_word' id='word_1_111' title='bbox 1218 1618 1490 1669; x_wconf 81' lang='lat' dir='ltr'><em>intervallo.</em></span> <span class='ocrx_word' id='word_1_112' title='bbox 1536 1618 1630 1669; x_wconf 87' lang='lat' dir='ltr'><em>Sed</em></span> <span class='ocrx_word' id='word_1_113' title='bbox 1660 1631 1714 1668; x_wconf 90' lang='lat' dir='ltr'><em>ut</em></span> <span class='ocrx_word' id='word_1_114' title='bbox 1741 1618 2008 1669; x_wconf 87' lang='lat' dir='ltr'><em>redeamus</em></span> <span class='ocrx_word' id='word_1_115' title='bbox 2032 1617 2094 1668; x_wconf 87' lang='lat' dir='ltr'><em>ad</em></span> <span class='ocrx_word' id='word_1_116' title='bbox 2120 1629 2323 1670; x_wconf 86' lang='lat' dir='ltr'><em>textum</em></span> 
     </span>
     <span class='ocr_line' id='line_1_19' title="bbox 695 1712 2321 1774; baseline 0 -9"><span class='ocrx_word' id='word_1_117' title='bbox 695 1734 722 1765; x_wconf 88' lang='lat' dir='ltr'><em>e</em></span> <span class='ocrx_word' id='word_1_118' title='bbox 751 1715 951 1765; x_wconf 84' lang='lat' dir='ltr'><em>Psalmo</em></span> <span class='ocrx_word' id='word_1_119' title='bbox 986 1715 1217 1774; x_wconf 86' lang='lat' dir='ltr'><em>citatum,</em></span> <span class='ocrx_word' id='word_1_120' title='bbox 1246 1713 1424 1764; x_wconf 89' lang='lat' dir='ltr'><em>sonent</em></span> <span class='ocrx_word' id='word_1_121' title='bbox 1458 1714 1580 1764; x_wconf 87' lang='lat' dir='ltr'><em>licet</em></span> <span class='ocrx_word' id='word_1_122' title='bbox 1618 1713 1687 1763; x_wconf 88' lang='lat' dir='ltr'><em>ita</em></span> <span class='ocrx_word' id='word_1_123' title='bbox 1727 1712 1880 1764; x_wconf 84' lang='lat' dir='ltr'><em>verba</em></span> <span class='ocrx_word' id='word_1_124' title='bbox 1916 1714 1968 1764; x_wconf 90' lang='lat' dir='ltr'><em>in</em></span> <span class='ocrx_word' id='word_1_125' title='bbox 2003 1712 2321 1765; x_wconf 87' lang='lat' dir='ltr'><em>transsatione</em></span> 
     </span>
     <span class='ocr_line' id='line_1_20' title="bbox 697 1808 2326 1880; baseline 0 -20"><span class='ocrx_word' id='word_1_126' title='bbox 697 1809 912 1880; x_wconf 86' lang='lat' dir='ltr'><em>Syriaca,</em></span> <span class='ocrx_word' id='word_1_127' title='bbox 941 1829 1043 1860; x_wconf 91' lang='lat' dir='ltr'><em>non</em></span> <span class='ocrx_word' id='word_1_128' title='bbox 1070 1809 1156 1860; x_wconf 91' lang='lat' dir='ltr'><em>hic</em></span> <span class='ocrx_word' id='word_1_129' title='bbox 1182 1828 1210 1860; x_wconf 90' lang='lat' dir='ltr'><em>a</em></span> <span class='ocrx_word' id='word_1_130' title='bbox 1238 1809 1400 1870; x_wconf 88' lang='lat' dir='ltr'><em>sensu,</em></span> <span class='ocrx_word' id='word_1_131' title='bbox 1429 1809 1513 1860; x_wconf 87' lang='lat' dir='ltr'><em>sed</em></span> <span class='ocrx_word' id='word_1_132' title='bbox 1541 1827 1568 1860; x_wconf 89' lang='lat' dir='ltr'><em>a</em></span> <span class='ocrx_word' id='word_1_133' title='bbox 1595 1808 1814 1859; x_wconf 88' lang='lat' dir='ltr'><em>nominis</em></span> <span class='ocrx_word' id='word_1_134' title='bbox 1847 1809 2109 1860; x_wconf 87' lang='lat' dir='ltr'><em>notatione</em></span> <span class='ocrx_word' id='word_1_135' title='bbox 2135 1809 2326 1878; x_wconf 88' lang='lat' dir='ltr'><em>petitur</em></span> 
     </span>
     <span class='ocr_line' id='line_1_21' title="bbox 693 1901 2324 1976; baseline -0.001 -20"><span class='ocrx_word' id='word_1_136' title='bbox 693 1918 1078 1975; x_wconf 84' lang='lat' dir='ltr'><em>argumentum,</em></span> <span class='ocrx_word' id='word_1_137' title='bbox 1116 1918 1172 1955; x_wconf 91' lang='lat' dir='ltr'><em>ut</em></span> <span class='ocrx_word' id='word_1_138' title='bbox 1218 1905 1410 1955; x_wconf 86' lang='lat' dir='ltr'><em>scilicet</em></span> <span class='ocrx_word' id='word_1_139' title='bbox 1447 1932 1610 1976; x_wconf 51' lang='lat' dir='ltr'><em>:W</em></span> <span class='ocrx_word' id='word_1_140' title='bbox 1657 1901 1902 1954; x_wconf 82' lang='lat' dir='ltr'><em>Malzmua&#39;</em></span> <span class='ocrx_word' id='word_1_141' title='bbox 1936 1904 2175 1974; x_wconf 87' lang='lat' dir='ltr'><em>indigitet</em></span> <span class='ocrx_word' id='word_1_142' title='bbox 2209 1904 2324 1955; x_wconf 92' lang='lat' dir='ltr'><em>Mo-</em></span> 
     </span>
     <span class='ocr_line' id='line_1_22' title="bbox 692 1996 2324 2070; baseline 0.001 -20"><span class='ocrx_word' id='word_1_143' title='bbox 692 1999 988 2061; x_wconf 81' lang='lat' dir='ltr'><em>hammedem,</em></span> <span class='ocrx_word' id='word_1_144' title='bbox 1010 2000 1149 2070; x_wconf 88' lang='lat' dir='ltr'><em>quod</em></span> <span class='ocrx_word' id='word_1_145' title='bbox 1170 2000 1203 2050; x_wconf 90' lang='lat' dir='ltr'><strong>fi</strong></span> <span class='ocrx_word' id='word_1_146' title='bbox 1227 2013 1278 2050; x_wconf 91' lang='lat' dir='ltr'><em>et</em></span> <span class='ocrx_word' id='word_1_147' title='bbox 1305 2001 1356 2050; x_wconf 87' lang='lat' dir='ltr'><em>in</em></span> <span class='ocrx_word' id='word_1_148' title='bbox 1378 1999 1605 2050; x_wconf 88' lang='lat' dir='ltr'><em>verfione</em></span> <span class='ocrx_word' id='word_1_149' title='bbox 1632 1999 1799 2068; x_wconf 87' lang='lat' dir='ltr'><em>aliqua</em></span> <span class='ocrx_word' id='word_1_150' title='bbox 1826 1996 2045 2049; x_wconf 86' lang='lat' dir='ltr'><em>Arabica</em></span> <span class='ocrx_word' id='word_1_151' title='bbox 2071 2000 2324 2070; x_wconf 87' lang='lat' dir='ltr'><em>reperire-</em></span> 
     </span>
     <span class='ocr_line' id='line_1_23' title="bbox 695 2092 2323 2155; baseline 0 -9"><span class='ocrx_word' id='word_1_152' title='bbox 695 2108 795 2155; x_wconf 86' lang='lat' dir='ltr'><em>tur,</em></span> <span class='ocrx_word' id='word_1_153' title='bbox 823 2114 942 2146; x_wconf 88' lang='lat' dir='ltr'><em>cum</em></span> <span class='ocrx_word' id='word_1_154' title='bbox 980 2108 1154 2146; x_wconf 87' lang='lat' dir='ltr'><em>tamen</em></span> <span class='ocrx_word' id='word_1_155' title='bbox 1188 2097 1239 2146; x_wconf 87' lang='lat' dir='ltr'><em>in</em></span> <span class='ocrx_word' id='word_1_156' title='bbox 1266 2094 1407 2145; x_wconf 90' lang='lat' dir='ltr'><em>fonte</em></span> <span class='ocrx_word' id='word_1_157' title='bbox 1437 2092 1676 2145; x_wconf 79' lang='lat' dir='ltr'><em>Hebraico</em></span> <span class='ocrx_word' id='word_1_158' title='bbox 1715 2092 1844 2144; x_wconf 87' lang='lat' dir='ltr'><em>nihil</em></span> <span class='ocrx_word' id='word_1_159' title='bbox 1883 2094 1984 2144; x_wconf 87' lang='lat' dir='ltr'><em>tale</em></span> <span class='ocrx_word' id='word_1_160' title='bbox 2019 2106 2180 2154; x_wconf 84' lang='lat' dir='ltr'><em>extet,</em></span> <span class='ocrx_word' id='word_1_161' title='bbox 2206 2113 2323 2146; x_wconf 89' lang='lat' dir='ltr'><em>cor-</em></span> 
     </span>
     <span class='ocr_line' id='line_1_24' title="bbox 696 2186 2325 2264; baseline 0.001 -24"><span class='ocrx_word' id='word_1_162' title='bbox 696 2190 794 2240; x_wconf 85' lang='lat' dir='ltr'><em>ruit</em></span> <span class='ocrx_word' id='word_1_163' title='bbox 834 2203 1200 2260; x_wconf 83' lang='lat' dir='ltr'><em>argumentum</em></span> <span class='ocrx_word' id='word_1_164' title='bbox 1242 2208 1345 2260; x_wconf 90' lang='lat' dir='ltr'><em>quo</em></span> <span class='ocrx_word' id='word_1_165' title='bbox 1390 2186 1732 2238; x_wconf 64' lang='lat' dir='ltr'><em>Molzammedis</em></span> <span class='ocrx_word' id='word_1_166' title='bbox 1773 2206 1960 2239; x_wconf 87' lang='lat' dir='ltr'><em>corona</em></span> <span class='ocrx_word' id='word_1_167' title='bbox 2003 2201 2055 2240; x_wconf 88' lang='lat' dir='ltr'><em>et</em></span> <span class='ocrx_word' id='word_1_168' title='bbox 2093 2191 2234 2264; x_wconf 79' lang='lat' dir='ltr'><em>regia</em></span> <span class='ocrx_word' id='word_1_169' title='bbox 2273 2202 2325 2241; x_wconf 89' lang='lat' dir='ltr'><em>et</em></span> 
     </span>
     <span class='ocr_line' id='line_1_25' title="bbox 694 2283 1249 2355; baseline -0.002 -20"><span class='ocrx_word' id='word_1_170' title='bbox 694 2284 994 2355; x_wconf 85' lang='lat' dir='ltr'><em>prophetica</em></span> <span class='ocrx_word' id='word_1_171' title='bbox 1019 2283 1249 2335; x_wconf 87' lang='lat' dir='ltr'><em>fulcitur.</em></span> 
     </span>
    </p>

    <p class='ocr_par' dir='ltr' id='par_1_10' title="bbox 695 2377 2333 3008">
     <span class='ocr_line' id='line_1_26' title="bbox 767 2377 2326 2449; baseline 0.001 -19"><span class='ocrx_word' id='word_1_172' title='bbox 767 2381 828 2430; x_wconf 93' lang='lat' dir='ltr'><em>In</em></span> <span class='ocrx_word' id='word_1_173' title='bbox 855 2379 1119 2449; x_wconf 80' lang='lat' dir='ltr'><em>Evangelio</em></span> <span class='ocrx_word' id='word_1_174' title='bbox 1145 2377 1342 2439; x_wconf 84' lang='lat' dir='ltr'><em>demum,</em></span> <span class='ocrx_word' id='word_1_175' title='bbox 1364 2378 1443 2448; x_wconf 88' lang='lat' dir='ltr'><em>isto</em></span> <span class='ocrx_word' id='word_1_176' title='bbox 1468 2390 1622 2440; x_wconf 84' lang='lat' dir='ltr'><em>textu,</em></span> <span class='ocrx_word' id='word_1_177' title='bbox 1650 2378 1708 2430; x_wconf 89' lang='lat' dir='ltr'><em>Si</em></span> <span class='ocrx_word' id='word_1_178' title='bbox 1727 2397 1807 2448; x_wconf 83' lang='lat' dir='ltr'><em>ego</em></span> <span class='ocrx_word' id='word_1_179' title='bbox 1832 2397 1920 2429; x_wconf 90' lang='lat' dir='ltr'><em>non</em></span> <span class='ocrx_word' id='word_1_180' title='bbox 1945 2377 2126 2440; x_wconf 89' lang='lat' dir='ltr'><em>abeam,</em></span> <span class='ocrx_word' id='word_1_181' title='bbox 2155 2381 2326 2432; x_wconf 92' lang='lat' dir='ltr'><em>Para-</em></span> 
     </span>
     <span class='ocr_line' id='line_1_27' title="bbox 695 2461 2326 2543; baseline 0.001 -18"><span class='ocrx_word' id='word_1_182' title='bbox 695 2475 841 2526; x_wconf 80' lang='lat' dir='ltr'><em>cletus</em></span> <span class='ocrx_word' id='word_1_183' title='bbox 865 2473 933 2524; x_wconf 86' lang='lat' dir='ltr'><em>ad</em></span> <span class='ocrx_word' id='word_1_184' title='bbox 958 2493 1040 2524; x_wconf 82' lang='lat' dir='ltr'><em>vos</em></span> <span class='ocrx_word' id='word_1_185' title='bbox 1073 2493 1160 2523; x_wconf 90' lang='lat' dir='ltr'><em>non</em></span> <span class='ocrx_word' id='word_1_186' title='bbox 1195 2461 1353 2524; x_wconf 87' lang='lat' dir='ltr'><em>veniet</em></span> <span class='ocrx_word' id='word_1_187' title='bbox 1373 2474 1414 2543; x_wconf 62' lang='grc' dir='ltr'><em>ς]</em></span> <span class='ocrx_word' id='word_1_188' title='bbox 1460 2473 1612 2524; x_wconf 90' lang='lat' dir='ltr'><em>Unde</em></span> <span class='ocrx_word' id='word_1_189' title='bbox 1644 2475 1778 2524; x_wconf 91' lang='lat' dir='ltr'><em>inter</em></span> <span class='ocrx_word' id='word_1_190' title='bbox 1806 2475 2013 2525; x_wconf 88' lang='lat' dir='ltr'><em>nomina</em></span> <span class='ocrx_word' id='word_1_191' title='bbox 2038 2474 2124 2526; x_wconf 87' lang='lat' dir='ltr'><em>seu</em></span> <span class='ocrx_word' id='word_1_192' title='bbox 2150 2475 2326 2526; x_wconf 85' lang='lat' dir='ltr'><em>titulos</em></span> 
     </span>
     <span class='ocr_line' id='line_1_28' title="bbox 697 2568 2328 2645; baseline 0.001 -25"><span class='ocrx_word' id='word_1_193' title='bbox 697 2569 985 2640; x_wconf 84' lang='lat' dir='ltr'><em>blasphemi</em></span> <span class='ocrx_word' id='word_1_194' title='bbox 1023 2569 1305 2638; x_wconf 85' lang='lat' dir='ltr'><em>impostoris</em></span> <span class='ocrx_word' id='word_1_195' title='bbox 1341 2580 1505 2645; x_wconf 46' lang='lat' dir='ltr'><em>22:555)ss</em></span> <span class='ocrx_word' id='word_1_196' title='bbox 1534 2568 1846 2619; x_wconf 84' lang='lat' dir='ltr'><em>Paracletum</em></span> <span class='ocrx_word' id='word_1_197' title='bbox 1885 2582 2175 2630; x_wconf 90' lang='lat' dir='ltr'><em>numerant,</em></span> <span class='ocrx_word' id='word_1_198' title='bbox 2203 2570 2328 2621; x_wconf 89' lang='lat' dir='ltr'><em>teste</em></span> 
     </span>
     <span class='ocr_line' id='line_1_29' title="bbox 697 2663 2326 2736; baseline 0.001 -21"><span class='ocrx_word' id='word_1_199' title='bbox 697 2663 1020 2736; x_wconf 82' lang='lat' dir='ltr'><em>AlJannabio</em></span> <span class='ocrx_word' id='word_1_200' title='bbox 1041 2685 1058 2714; x_wconf 91' lang='grc'><em>.·</em></span> <span class='ocrx_word' id='word_1_201' title='bbox 1099 2665 1224 2734; x_wconf 87' lang='lat' dir='ltr'><em>quin</em></span> <span class='ocrx_word' id='word_1_202' title='bbox 1262 2677 1312 2714; x_wconf 92' lang='lat' dir='ltr'><em>et</em></span> <span class='ocrx_word' id='word_1_203' title='bbox 1349 2665 1466 2714; x_wconf 85' lang='lat' dir='ltr'><em>alias</em></span> <span class='ocrx_word' id='word_1_204' title='bbox 1503 2664 1555 2713; x_wconf 89' lang='lat' dir='ltr'><em>in</em></span> <span class='ocrx_word' id='word_1_205' title='bbox 1591 2663 1705 2714; x_wconf 86' lang='lat' dir='ltr'><em>loco</em></span> <span class='ocrx_word' id='word_1_206' title='bbox 1732 2682 1833 2714; x_wconf 89' lang='lat' dir='ltr'><em>non</em></span> <span class='ocrx_word' id='word_1_207' title='bbox 1860 2682 1982 2724; x_wconf 92' lang='lat' dir='ltr'><em>uno,</em></span> <span class='ocrx_word' id='word_1_208' title='bbox 2009 2677 2126 2716; x_wconf 89' lang='lat' dir='ltr'><em>ante</em></span> <span class='ocrx_word' id='word_1_209' title='bbox 2153 2665 2326 2716; x_wconf 89' lang='lat' dir='ltr'><em>Evan-</em></span> 
     </span>
     <span class='ocr_line' id='line_1_30' title="bbox 698 2757 2328 2830; baseline 0.002 -21"><span class='ocrx_word' id='word_1_210' title='bbox 698 2760 832 2830; x_wconf 86' lang='lat' dir='ltr'><em>gelia</em></span> <span class='ocrx_word' id='word_1_211' title='bbox 858 2778 884 2809; x_wconf 88' lang='lat' dir='ltr'><em>a</em></span> <span class='ocrx_word' id='word_1_212' title='bbox 909 2758 1192 2827; x_wconf 72' lang='lat' dir='ltr'><em>Cbrssianis</em></span> <span class='ocrx_word' id='word_1_213' title='bbox 1218 2770 1472 2827; x_wconf 83' lang='lat' dir='ltr'><em>corrupta,</em></span> <span class='ocrx_word' id='word_1_214' title='bbox 1503 2757 1785 2827; x_wconf 82' lang='lat' dir='ltr'><em>expreffam</em></span> <span class='ocrx_word' id='word_1_215' title='bbox 1817 2758 1926 2827; x_wconf 88' lang='lat' dir='ltr'><em>ejus</em></span> <span class='ocrx_word' id='word_1_216' title='bbox 1959 2757 2149 2810; x_wconf 63' lang='lat' dir='ltr'><em>saetam</em></span> <span class='ocrx_word' id='word_1_217' title='bbox 2176 2779 2328 2812; x_wconf 88' lang='lat' dir='ltr'><em>men-</em></span> 
     </span>
     <span class='ocr_line' id='line_1_31' title="bbox 700 2852 2332 2923; baseline 0.001 -18"><span class='ocrx_word' id='word_1_218' title='bbox 700 2856 897 2905; x_wconf 88' lang='lat' dir='ltr'><em>tionem</em></span> <span class='ocrx_word' id='word_1_219' title='bbox 935 2853 1024 2903; x_wconf 84' lang='lat' dir='ltr'><em>fibi</em></span> <span class='ocrx_word' id='word_1_220' title='bbox 1063 2852 1210 2903; x_wconf 86' lang='lat' dir='ltr'><em>facile</em></span> <span class='ocrx_word' id='word_1_221' title='bbox 1245 2852 1568 2922; x_wconf 87' lang='lat' dir='ltr'><em>persuadent,</em></span> <span class='ocrx_word' id='word_1_222' title='bbox 1603 2852 1754 2922; x_wconf 88' lang='lat' dir='ltr'><em>idque</em></span> <span class='ocrx_word' id='word_1_223' title='bbox 1790 2852 1852 2902; x_wconf 87' lang='lat' dir='ltr'><em>ab</em></span> <span class='ocrx_word' id='word_1_224' title='bbox 1887 2853 2002 2923; x_wconf 89' lang='lat' dir='ltr'><em>ipfis</em></span> <span class='ocrx_word' id='word_1_225' title='bbox 2039 2852 2332 2906; x_wconf 86' lang='lat' dir='ltr'><em>Christianis</em></span> 
     </span>
     <span class='ocr_line' id='line_1_32' title="bbox 699 2945 2333 3008; baseline 0.001 -8"><span class='ocrx_word' id='word_1_226' title='bbox 699 2949 883 3008; x_wconf 61' lang='lat' dir='ltr'><em>edoEU,</em></span> <span class='ocrx_word' id='word_1_227' title='bbox 925 2961 982 2998; x_wconf 85' lang='lat' dir='ltr'><em>ut</em></span> <span class='ocrx_word' id='word_1_228' title='bbox 1027 2947 1182 2998; x_wconf 90' lang='lat' dir='ltr'><em>refert</em></span> <span class='ocrx_word' id='word_1_229' title='bbox 1229 2945 1414 2997; x_wconf 89' lang='lat' dir='ltr'><em>author</em></span> <span class='ocrx_word' id='word_1_230' title='bbox 1459 2945 1614 2997; x_wconf 90' lang='lat' dir='ltr'><em>modo</em></span> <span class='ocrx_word' id='word_1_231' title='bbox 1655 2946 1884 2998; x_wconf 90' lang='lat' dir='ltr'><em>laudatus</em></span> <span class='ocrx_word' id='word_1_232' title='bbox 1905 2972 1922 3008; x_wconf 86' lang='lat'>;</span> <span class='ocrx_word' id='word_1_233' title='bbox 1962 2946 2333 3002; x_wconf 85' lang='lat' dir='ltr'><em>Molzammedem</em></span> 
     </span>
    </p>
   </div>
   <div class='ocr_carea' id='block_1_10' title="bbox 698 3041 2330 3112">
    <p class='ocr_par' dir='ltr' id='par_1_11' title="bbox 698 3041 2330 3112">
     <span class='ocr_line' id='line_1_33' title="bbox 698 3041 2330 3112; baseline 0.001 -19"><span class='ocrx_word' id='word_1_234' title='bbox 698 3043 890 3094; x_wconf 79' lang='lat' dir='ltr'><em>scilicet</em></span> <span class='ocrx_word' id='word_1_235' title='bbox 934 3041 1280 3100; x_wconf 69' lang='lat' dir='ltr'><em>AlSelencium,</em></span> <span class='ocrx_word' id='word_1_236' title='bbox 1328 3041 1497 3091; x_wconf 86' lang='lat' dir='ltr'><em>nescio</em></span> <span class='ocrx_word' id='word_1_237' title='bbox 1535 3058 1693 3109; x_wconf 90' lang='lat' dir='ltr'><em>quem</em></span> <span class='ocrx_word' id='word_1_238' title='bbox 1735 3060 1763 3092; x_wconf 91' lang='lat' dir='ltr'><em>a</em></span> <span class='ocrx_word' id='word_1_239' title='bbox 1808 3041 2065 3093; x_wconf 86' lang='lat' dir='ltr'><em>sacerdote</em></span> <span class='ocrx_word' id='word_1_240' title='bbox 2106 3043 2330 3112; x_wconf 90' lang='lat' dir='ltr'><em>quodam</em></span> 
     </span>
    </p>
   </div>
  </div>
 </body>
</html>
