2498 3575
438 292 522 344 De
547 287 775 342 Arabum
801 286 1029 339 Moribus
1052 287 1154 360 pest
1178 287 1572 342 Maliammedem.

177 492 267 563 qui
296 491 598 563 religionem
626 489 924 562 [stamiticam
951 511 1054 562 prae
1084 504 1235 543 metu
1263 491 1415 561 gladii
1436 492 1703 562 amplexus
1725 492 1836 543 fue-

177 599 273 649 rat,
312 585 688 656 Mosseminorum
724 586 881 657 copiis
920 587 1199 657 conspectis
1235 586 1426 638 diceret
1461 586 1666 658 Abisffl
1710 590 1842 639 Heus

176 683 300 734 Abu
337 680 458 742 fadl,
499 692 624 733 certe
660 700 881 751 magnum
903 681 1012 751 jam
1050 682 1197 752 evasit
1235 680 1477 752 imperium
1514 681 1687 751 nepotis
1727 681 1804 732 tui
1821 703 1838 731 .-

181 778 270 829 Vae
313 775 416 837 tibi,
457 775 628 847 inquit
674 775 776 836 ille,
818 776 904 827 imo
951 794 1080 835 vero,
1113 774 1366 846 prophetia
1414 775 1487 846 cst.
1557 774 1843 845 Respondit

178 871 282 933 ille,
323 870 432 942 Esto
457 870 610 941 {gitur
647 869 726 941 [Ji
746 869 897 941 libet}
957 869 1115 922 Anno
1144 890 1284 921 nono
1314 869 1531 940 egressus
1561 869 1633 920 est
1662 870 1725 919 ad
1755 888 1841 919 cx-

180 966 516 1038 pugnandam
555 959 735 1026 Tabae,
777 985 894 1036 quae
927 964 1065 1034 regio
1105 964 1177 1016 est
1209 965 1503 1025 Graecorzcm,
1544 980 1645 1034 qua
1674 962 1727 1014 in
1757 983 1843 1014 oc—

181 1060 418 1132 cupanda
446 1078 621 1131 pugna
649 1080 776 1131 opus
806 1080 912 1111 non
942 1059 1137 1111 habuit.
1200 1059 1427 1111 Decimo
1456 1060 1675 1110 demum
1705 1058 1844 1110 insti—

181 1153 288 1207 tuit
323 1153 791 1226 peregrinationem
830 1153 1196 1214 valediffionis,
1238 1174 1341 1224 quo
1387 1153 1547 1205 etiam
1593 1174 1684 1225 pro
1731 1174 1846 1225 pro-

183 1249 341 1321 pheta
369 1249 419 1300 se
447 1248 729 1309 venditans,
761 1248 814 1299 in
849 1247 1099 1320 [regione]
1127 1249 1373 1310 Yamaima,
1405 1249 1668 1319 Mastilema
1697 1268 1847 1300 men-

184 1346 299 1406 dax,
338 1343 530 1395 librum
562 1344 746 1395 Corano
781 1343 1001 1394 similem
1043 1363 1355 1414 componere
1385 1343 1635 1414 aggressus
1666 1343 1754 1405 est,
1797 1343 1850 1394 in

185 1458 291 1511 quo
331 1438 444 1490 haec
479 1438 652 1489 habet.
725 1437 895 1509 Utique
938 1439 1076 1490 Deus
1109 1437 1439 1509 benignitatem
1469 1438 1698 1510 praestitit
1727 1457 1849 1508 gra-

186 1531 330 1595 vidae,
371 1531 561 1585 educens
597 1552 654 1584 ex
690 1552 743 1584 ea
762 1532 1012 1605 spiritum,
1055 1533 1141 1605 qui
1175 1524 1346 1585 currat
1378 1532 1503 1585 inter
1529 1532 1780 1584 cuticulam
1808 1544 1852 1584 et

186 1628 386 1701 visbera‚
416 1629 514 1681 &c.
577 1627 733 1680 Porro
762 1629 861 1679 hoc
889 1647 1026 1679 anno
1057 1628 1303 1680 febricula
1332 1639 1594 1699 correptus
1625 1627 1851 1679 Mahata-

187 1722 333 1777 medes
368 1722 651 1795 aegrotavit,
694 1734 747 1774 et
784 1722 924 1774 diem
961 1723 1090 1774 obiit
1127 1723 1208 1775 die
1237 1723 1427 1783 Lunae,
1469 1722 1558 1792 qui
1588 1721 1856 1774 vicesimus

189 1820 397 1872 octavus
446 1818 548 1870 fuit
596 1817 783 1869 mensis
830 1817 995 1888 δίψαν,
1037 1837 1197 1869 annos
1242 1829 1391 1868 natus
1433 1816 1693 1887 sexaginta
1737 1827 1853 1874 tres,

189 1934 417 1987 quorum
463 1911 798 1984 quadraginta
841 1912 1099 1983 [transacti
1144 1911 1287 1984 sunt]
1331 1923 1613 1982 antequam
1666 1930 1857 1962 munus

192 2008 558 2082 propheticum
597 2007 687 2059 fibi
725 2007 1054 2068 vendicaret3
1098 2006 1347 2072 tredecim
1385 2005 1470 2058 alii
1509 2007 1637 2057 dum
1673 2006 1859 2057 Meccae

193 2103 493 2165 subsisteret,
535 2114 588 2154 et
617 2103 799 2153 decem
829 2103 1047 2154 demum
1078 2102 1190 2173 post
1219 2100 1439 2172 Hejram,
1481 2101 1666 2172 quibus
1698 2100 1857 2152 M’di-

192 2219 271 2254 nae
314 2198 555 2252 substitit.
635 2197 883 2269 Cumque
927 2199 1045 2272 jam
1099 2208 1336 2249 mortuus
1394 2197 1532 2258 effet,
1584 2197 1861 2248 voluerunt

194 2296 390 2348 Meccen
410 2313 454 2345 es
472 2293 624 2363 fugae
661 2292 859 2345 Comites
888 2295 1106 2344 Meccam
1143 2312 1268 2344 eum
1305 2291 1567 2363 reportari,
1610 2293 1750 2363 quod
1791 2291 1859 2342 ibi

196 2400 348 2442 natus
387 2387 540 2448 effet;
583 2399 637 2439 at
676 2385 964 2459 Medinerfis
998 2385 1271 2457 Adjutores,
1313 2385 1528 2440 Medinae
1557 2405 1682 2437 eum
1718 2386 1858 2457 sepe-

196 2484 293 2546 liri,
333 2484 474 2554 quod
502 2482 697 2555 Asylum
726 2481 815 2553 ipsi
844 2480 1030 2542 fuisset,
1064 2492 1116 2533 et
1145 2480 1318 2533 auxilii
1348 2482 1506 2533 locus.
1565 2481 1863 2531 Voluerunt

199 2580 418 2631 demum
449 2576 688 2629 nonnulli
719 2576 1057 2647 Hierosoiymas
1086 2596 1210 2627 eum
1241 2575 1517 2637 transferri,
1558 2576 1736 2627 locum
1768 2575 1860 2626 sci-

198 2673 322 2726 licet
350 2673 404 2725 in
433 2693 538 2743 quo
567 2670 752 2742 sepulti
782 2670 943 2723 essent
982 2672 1280 2742 prophetae:
1332 2681 1386 2721 at
1421 2669 1472 2721 in
1511 2671 1611 2721 hoc
1651 2670 1862 2720 tandem

200 2779 560 2821 convenerunt
590 2777 653 2818 ut
682 2765 897 2818 Medinae
922 2765 1233 2837 sepeliretur,
1273 2765 1364 2817 ubi
1394 2784 1518 2816 eum
1551 2764 1865 2834 mansiuncula

199 2864 288 2916 sua
325 2864 629 2922 humarunt,
674 2862 855 2913 eodem
897 2881 1001 2932 quo
1042 2872 1280 2912 mortuus
1319 2859 1392 2911 est
1427 2861 1558 2911 loco.
1630 2859 1784 2910 Porro
1814 2859 1863 2908 in

201 2977 422 3010 numero
460 2977 686 3009 uxorum
716 2957 823 3029 ejus
852 2957 1147 3028 affignando
1176 2955 1409 3008 variatur.
1480 2955 1590 3011 Qui
1622 2953 1866 3025 plurimas

202 3052 401 3114 dicunt,
441 3051 795 3123 septendecim
844 3051 918 3103 illi
974 3051 1245 3122 affignant,
1296 3061 1482 3122 praeter
1535 3048 1863 3100 concubinas.

1995 310 2057 364 Ῑ3

1899 1263 2117 1300 Moseilema

1902 1316 2161 1369 pseudoprophe-

1906 1635 1987 1673 Olrit
1998 1634 2176 1671 B‘Ioham-

1905 1691 2001 1728 med.

1915 2773 2082 2825 3Y23tw’itur
2102 2771 2187 2808 Me-

1912 2831 2024 2866 diffie.

1915 3038 2010 3084 Quot
2048 3047 2166 3071 uxores

1918 3090 2070 3126 balma-rit
2090 3100 2121 3126 ct
2146 3089 2190 3126 li-

1915 3146 2018 3181 ι”ιν-αῑ.
