2498 3575
675 302 783 343 EX
841 302 1381 347 ABULFEDA.

197 470 262 522 de
290 469 687 523 Mohammedis
709 471 857 524 sociis
880 475 1007 543 agit,
1033 474 1208 526 versus
1231 475 1390 528 refert
1418 476 1669 531 Harethae
1698 481 1854 549 hujus

197 565 263 615 de
297 584 404 633 quo
441 566 592 617 nobis
626 565 797 617 sermo
830 568 920 628 est,
959 569 1127 620 filium
1163 568 1313 620 suum
1352 570 1576 623 Zeidum
1612 575 1850 626 amiss'um

197 659 437 712 deflentis
463 680 475 711 ι

270 763 471 811 Zeidum
506 762 660 813 defleo
689 764 909 828 ignorans
934 765 1047 829 quid
1079 766 1137 813 de
1171 766 1250 813 illo
1281 767 1334 815 fit
1370 767 1564 826 factum,
1591 787 1704 816 num
1733 773 1852 819 vivat

342 856 592 920 adhucque
616 857 792 921 sperare
815 858 930 904 mihi
956 858 1105 916 liceat,
1132 876 1191 906 an
1218 860 1349 906 illum
1377 878 1500 908 mors
1526 863 1776 910 abstulerit.

269 948 558 998 Memoriam
583 953 685 1014 ejus
709 951 843 999 nobis
870 959 1054 1000 revocat
1080 953 1158 1010 sol,
1184 962 1301 1001 tunc
1326 970 1437 1001 cum
1465 954 1605 1017 surgit
1626 975 1637 1008 ;
1670 971 1850 1002 memo-

341 1043 454 1089 riam
481 1047 581 1106 ejus
605 1045 738 1091 nobis
763 1044 963 1102 refricat,
989 1045 1180 1108 quando
1207 1047 1548 1110 appropinquat
1575 1048 1774 1095 occasus.

266 1139 409 1188 Venti
452 1142 485 1188 si
527 1141 758 1201 flaverint,
802 1144 1078 1191 memoriam
1120 1141 1221 1210 ejus
1261 1145 1309 1190 in
1347 1145 1479 1192 nobis
1517 1157 1817 1194 commovent
1838 1168 1848 1194 :

337 1234 478 1297 proh!
515 1235 739 1298 quamdiu
763 1238 864 1299 jam
893 1236 1075 1285 duravit
1098 1237 1230 1284 dolor
1254 1254 1387 1285 meus
1411 1256 1468 1285 ex
1492 1239 1584 1296 illo,
1610 1240 1850 1303 qualisque

338 1331 517 1375 metus!

190 1421 370 1475 Postea
393 1424 619 1478 Zeidum
644 1425 895 1495 conyenit
916 1437 1066 1497 pater
1085 1428 1197 1498 ejus
1220 1426 1458 1479 Haretha
1476 1430 1614 1497 apud
1641 1429 1846 1498 aposto-

189 1520 300 1572 lum
328 1519 451 1583 Dei,
480 1521 991 1593 Mohammedesque
1029 1522 1194 1575 Zeido
1220 1523 1470 1592 permisit,
1497 1534 1556 1575 ut
1583 1542 1742 1592 quem
1770 1524 1845 1575 se-

188 1617 279 1684 qui
313 1617 512 1678 mallet,
547 1618 800 1688 eligeret:
855 1619 1145 1687 maluitque
1187 1618 1381 1669 Zeidus
1416 1620 1555 1687 apud
1592 1618 1844 1670 Moham-

189 1712 399 1763 medem
427 1730 662 1774 manere,
689 1732 848 1782 quam
876 1714 1009 1782 patri
1037 1723 1090 1764 et
1115 1714 1262 1784 genti
1290 1713 1394 1764 suae
1422 1714 1583 1764 reddi.

1995 325 2091 378 551

261 1807 650 1861 Kodhaitarum
698 1809 820 1861 sunt
861 1810 1022 1861 etiarn
1070 1808 1414 1860 Belawitaea:
1466 1809 1700 1876 itemque
1738 1808 1842 1859 Te·
1912 1821 1951 1857 P.
1974 1830 2067 1871 47²·

187 1904 462 1956 noukhitae
487 1926 500 1967 ;
541 1905 679 1957 inter
708 1906 805 1956 hos
832 1915 884 1956 et
910 1904 1220 1956 Lakhmitas
1247 1922 1394 1973 reges
1426 1902 1572 1954 Hirae
1599 1903 1733 1954 bella
1759 1904 1842 1954 in—

187 2001 546 2052 tercefl'erunt.
619 2000 705 2051 Ad
734 1999 1026 2051 Kodhaitas
1052 1999 1308 2067 pertinuit
1334 2016 1545 2067 quoque
1571 1997 1761 2059 Bahra,
1790 2008 1843 2050 et

183 2094 470 2164 Djohaina,
509 2095 709 2147 familia
751 2113 946 2166 magna
988 2113 1106 2163 quae
1152 2094 1207 2145 in
1251 2093 1447 2145 multos
1490 2111 1662 2144 ramos
1710 2093 1842 2145 scin-

183 2191 340 2242 ditur.
438 2190 512 2242 Hi
557 2200 731 2259 partes
777 2189 989 2260 Hidjazi
1033 2189 1466 2258 septentrionales
1517 2189 1838 2248 incolebant,

182 2287 321 2337 circa
346 2287 493 2337 littus
519 2284 748 2356 Djiddae.
811 2284 1199 2336 Kodhaitarum
1226 2284 1374 2335 fuere
1400 2284 1560 2335 etiam
1589 2284 1838 2345 Salihitae,

181 2382 272 2450 qui
299 2381 498 2432 deserta
526 2381 691 2451 Syriae
717 2381 991 2441 tenebant,
1016 2379 1250 2448 quosque
1271 2379 1336 2430 ab
1360 2379 1571 2430 illorum
1600 2379 1841 2430 dominio

180 2477 529 2528 deturbarunt
557 2475 857 2537 Gaffanitae,
886 2475 1120 2526 Salihitis
1143 2474 1302 2526 etiam
1332 2473 1534 2525 deletis,
1612 2472 1657 2524 E
1690 2473 1837 2524 Kod-

177 2573 441 2627 haitarum
478 2589 702 2624 numero
737 2571 858 2623 sunt
885 2588 1097 2639 quoque
1122 2569 1391 2630 Nahditae‚
1419 2569 1557 2619 inter
1588 2587 1719 2637 quos
1756 2570 1837 2620 in-

178 2668 366 2720 claruit
393 2667 627 2718 Sakabus
646 2666 802 2718 Amri
828 2666 966 2717 filius
996 2665 1244 2726 Nahdita,
1268 2666 1359 2734 qui
1384 2665 1484 2716 fuit
1510 2675 1661 2734 pater
1688 2665 1836 2717 Kha-

176 2764 282 2815 ledi
316 2764 411 2816 filii
445 2763 670 2815 Sakabi:
711 2762 799 2813 hic
839 2771 1080 2830 tempore
1122 2760 1396 2812 Issamismi
1434 2761 1679 2829 princeps
1717 2761 1834 2812 fuit.

176 2858 418 2912 Odhritae
449 2860 515 2910 ad
551 2856 843 2910 Kodhaitas
869 2874 1083 2925 quoque
1116 2855 1432 2917 referuntur,
1461 2873 1490 2906 e
1517 2856 1708 2925 quibus
1734 2856 1835 2907 fuit

322 3072 529 3123 Djewhari.
607 3064 715 3124 §Aa
753 3063 861 3137 ρῳ
895 3063 1060 3123 Mi,
1099 3062 1243 3107 sabas
1286 3086 1354 3127 U„
1397 3060 1518 3128 au„-
1561 3036 1638 3134 ἐκ,
1665 3061 1686 3083 ³
