2498 3575
327 248 2327 275 M.

414 347 516 396 500
623 288 627 519 1
1227 318 1737 364 EXCERPTA

732 506 780 551 Si
807 505 995 567 negotia
1023 503 1205 550 fortiter
1229 502 1491 549 traelaveris
1515 517 1625 548 cum
1650 500 1838 555 virtute,
1863 497 1921 544 ad
1946 496 2179 542 summum
2205 509 2307 556 per-

625 627 628 674 4
804 597 960 643 venies
985 595 1235 660 fastigium,
1261 595 1387 658 quod
1413 601 1576 641 tenent
1603 590 1898 655 promtiffimi
1923 589 2166 653 principes.

364 709 402 745 p,
425 719 515 757 425·
661 688 807 758 (μὴ
843 694 1022 736 autem
1055 703 1160 736 vox
1190 686 1263 735 est
1295 684 1508 753 pluralis
1542 681 1768 742 numeri,
1797 698 1915 748 quae
1950 680 2015 729 de
2049 677 2149 728 illis
2179 675 2308 728 dici-

659 790 762 842 tur,
791 781 881 849 qui
909 780 1194 850 majoribus
1221 778 1504 848 provinciis
1532 777 1586 827 in
1612 775 1853 826 Yemana
1877 770 2152 841 praesunt.)

733 876 963 926 Moafiro
999 874 1252 934 extincto,
1289 891 1454 942 regno
1491 871 1691 939 potitus
1723 870 1796 920 est
1827 869 1964 920 filius
1999 868 2111 937 ejus
2141 865 2311 916 Asch—

661 971 866 1030 mahus,
901 970 986 1020 cui
1022 969 1260 1019 successit
1296 967 1633 1018 Schaddadus
1667 965 1804 1015 filius
1831 963 1955 1024 Adi,
1981 962 2075 1013 filii
2101 960 2311 1021 Matati,

661 1066 753 1117 filii
800 1065 966 1115 Sabae.
1054 1063 1158 1113 Hic
1204 1063 1365 1112 totius
1409 1061 1560 1131 regni
1605 1076 1824 1127 compos
1869 1057 2055 1116 faetus,
2104 1055 2313 1107 bellicas

661 1159 1022 1229 expeditiones
1066 1158 1121 1207 in
1164 1157 1288 1207 alias
1332 1155 1572 1225 regiones
1618 1153 1858 1221 suscepit,
1899 1160 1952 1203 et
1990 1152 2057 1203 ad
2100 1150 2313 1202 ultimas

660 1255 840 1335 plagas
886 1252 1175 1303 occidentis
1223 1250 1480 1319 pervenit.
1572 1248 1745 1299 Urbes
1791 1264 2005 1315 quoque
2045 1245 2312 1304 exstruxit,

662 1358 820 1417 atque
842 1347 1061 1398 aedificia
1088 1346 1345 1406 miranda,
1369 1361 1666 1414 magnaque
1691 1342 1796 1394 suae
1823 1341 2076 1410 potentiae
2102 1340 2314 1411 vestigia

663 1445 776 1513 post
802 1443 852 1493 se
878 1440 1173 1509 dereliquit.
1804 1419 1813 1421 l

739 1537 1076 1588 Schaddadus
1116 1533 1455 1585 succefl'orem
1496 1533 1684 1583 habuit
1721 1531 2060 1583 Lokmanum
2096 1530 2313 1581 fratrem

666 1633 818 1683 suum
853 1630 958 1682 Adi
994 1630 1182 1690 filium,
1210 1629 1323 1697 post
1356 1645 1515 1696 quem
1549 1627 1829 1695 imperium
1864 1627 2084 1694 adeptus
2123 1624 2314 1676 Dhou-

667 1727 820 1777 sadad
871 1725 1102 1795 ejusdem
1153 1723 1259 1774 Adi
1316 1723 1471 1782 filius,
1520 1721 1888 1789 Lokmanique
1937 1720 2112 1771 frater.
2201 1719 2318 1770 Post

669 1819 1111 1872 Dhou-sadadum
1151 1817 1421 1868 Haretllus
1461 1816 1598 1866 filius
1638 1817 1749 1885 ejus
1789 1815 2045 1885 regnavit,
2073 1814 2163 1883 qui
2199 1814 2317 1866 Ha-

671 1912 1041 1982 reth-alrag‘sch
1067 1912 1274 1963 dicitur.
1320 1911 1526 1962 Volunt
1551 1910 1638 1961 alii
1667 1909 1968 1961 Harethum
1996 1910 2144 1960 illum
2155 1907 2318 1960 Αἰνα-

673 2009 777 2078 isch
814 2010 1013 2061 dicium
1053 2015 1257 2076 patrem
1293 2005 1526 2056 habuiffe
1560 2003 1795 2063 Kaisum,
1824 2004 1992 2055 filium
2029 2003 2198 2062 Saifia,
2225 2003 2320 2054 filii

674 2106 821 2155 Sabae
850 2102 1066 2154 minoris
1089 2122 1100 2152 ε
1141 2101 1229 2151 hic
1255 2101 1325 2150 est
1350 2099 1600 2149 Tobbaus
1626 2099 1785 2167 prior.

749 2197 1100 2249 Succefi'orem
1136 2196 1189 2244 in
1226 2212 1388 2264 regno
1422 2193 1607 2244 habuit
1639 2193 2168 2244 Dhoul-karnainum
2197 2193 2319 2244 Saa—

675 2295 802 2344 bum
830 2292 998 2343 filium
1026 2290 1250 2340 Raischi.
1292 2288 1450 2339 Filius
1476 2287 1709 2346 Abbaffi,
1733 2288 1992 2339 referente
2018 2287 2139 2338 Ebn
2167 2287 2322 2338 Saido
2384 2310 2386 2312 ’

731 2458 810 2494 Nec
832 2458 870 2493 in
892 2470 979 2493 voce
1001 2450 1121 2507 §9500
1146 2454 1419 2504 interpretanda
1441 2453 1584 2490 felicior
1606 2453 1676 2490 fuit
1699 2453 1754 2490 vir
1776 2452 1922 2490 doftus.
1980 2452 2127 2489 Frustra
2153 2451 2254 2488 enim
2280 2464 2325 2487 ex

679 2534 801 2570 codiee
823 2531 1031 2581 Djewharii
1061 2531 1119 2567 hic
1150 2531 1219 2566 loci
1248 2535 1421 2578 corrupto
1442 2541 1516 2578 quo
1541 2529 1727 2572 utebatur,
1750 2528 1919 2565 Pocockii
1940 2526 2137 2564 leC’donem
2157 2533 2193 2563 et
2213 2526 2325 2562 inter-

681 2607 924 2657 pretationem
946 2619 1030 2655 quae
1051 2606 1158 2642 unice
1180 2617 1263 2640 vera
1283 2604 1344 2646 est,
1360 2603 1560 2639 convellere
1582 2603 1727 2639 nititur.
1785 2603 1980 2652 Quicquid
1999 2602 2100 2639 enim
2122 2601 2158 2638 in
2178 2607 2326 2638 contra-

681 2682 778 2718 rium
799 2682 899 2718 dicat
920 2681 1180 2721 Schultenfius,
1198 2685 1338 2715 certum
1360 2678 1422 2720 est,
1439 2683 1474 2714 et
1493 2678 1690 2713 autoritate
1713 2684 1794 2714 tum
1815 2677 2034 2726 Djewharii,
2047 2684 2130 2713 tum
2151 2676 2326 2713 Firouza-

683 2763 780 2799 badii
808 2763 1108 2812 comprobatum,
1129 2775 1217 2798 voce
1246 2757 1323 2810 Aa,
1354 2775 1439 2810 quae
1467 2761 1603 2811 plurali
1633 2774 1790 2798 numero
1820 2754 1949 2819 ὁὶςὲἱ,
1980 2754 2111 2812 3l53l,
2139 2767 2176 2797 et
2205 2752 2325 2812 395&

682 2837 829 2880 dicitur,
853 2850 1014 2886 magnum
1040 2836 1184 2887 aliquem
1203 2836 1238 2872 in
1262 2836 1413 2873 Yemana
1432 2836 1630 2886 principem,
1651 2835 1707 2872 sed
1728 2836 1873 2872 summo
1897 2848 1978 2885 rege
2003 2835 2188 2884 irgferiorem
2212 2835 2328 2884 defig-

684 2926 778 2948 nari.

739 2992 754 3008 ¹
778 2988 820 3022 In
843 2988 1075 3036 autographo
1091 2985 1248 3022 secunda
1270 2985 1375 3021 litera
1397 2985 1561 3020 nominis
1584 2984 1684 3020 istius
1709 2983 1850 3034 puncto
1869 2991 1967 3021 caret
1983 2984 2202 3027 diacritico;
2229 2984 2330 3021 fimi-

686 3069 769 3105 liter
789 3077 822 3105 et
854 3069 1008 3105 secunda
1035 3069 1140 3105 litera
1170 3070 1267 3105 vocis
1289 3064 1392 3125 &⁶1¹3
1408 3090 1420 3102 .
