2498 3575
432 274 515 325 De
540 269 767 323 Arabum
794 268 1020 320 Moribus
1045 280 1158 320 ante
1183 266 1575 319 Molzammedem.

173 463 250 514 lae
281 473 333 513 et
363 479 535 512 carnes
570 459 767 509 victum
805 459 1117 529 praebebant,
1160 460 1286 509 dum
1327 459 1438 509 loca
1476 460 1683 510 herbida
1713 480 1824 530 per-

173 557 450 628 quirerent,
481 565 533 605 et
562 573 708 624 aquas
739 552 969 623 pluvialis
999 552 1221 603 defluvia
1251 553 1577 612 sestarentur,
1616 554 1681 604 ibi
1713 567 1826 605 ten-

174 651 302 703 toria
341 651 554 720 figentes
594 648 844 719 quamdiu
883 660 1029 699 terrae
1066 647 1232 698 uberis
1270 647 1536 707 beneficio,
1578 667 1681 717 quo
1720 649 1827 718 pas-
1858 670 1860 688 2

174 756 427 804 cerentur,
469 743 793 802 invenirent3
839 743 1022 794 deinde
1064 745 1126 794 ad
1169 745 1361 803 herbaS,
1405 754 1456 794 et
1503 762 1708 812 aquam,
1751 742 1828 792 in-

174 839 426 910 dagandas
474 837 938 908 proficiscebantur,
981 857 1252 907 nunquam
1299 837 1520 897 alterni5‚
1576 838 1714 888 sedes
1770 838 1829 886 fi-

175 954 308 1006 gere,
352 944 405 984 et
442 932 656 983 subinde
698 931 931 1001 migrare,
974 932 1277 993 desistentes,
1318 933 1448 984 ficut
1483 952 1545 984 ex
1575 932 1670 983 illis
1700 952 1830 984 non—

177 1049 335 1081 nemo
365 1027 504 1098 quas1
532 1027 622 1077 sub
652 1025 815 1077 cameli
838 1025 912 1076 sui
943 1026 1153 1097 persona
1183 1027 1427 1097 loquitur.

331 1131 490 1191 Dicit,
532 1149 633 1181 cum
663 1129 711 1181 in
739 1150 840 1182 eum
867 1130 1058 1182 clitellas
1087 1150 1208 1183 meas
1235 1131 1483 1202 injicerent,

407 1225 828 1295 Haeccinestmper
856 1223 1007 1295 doſsas,
1048 1238 1092 1276 et
1121 1245 1220 1277 mea
1248 1225 1440 1278 conditio
1464 1225 1490 1277 ?

332 1316 558 1374 Totumne
603 1331 784 1391 tempus
831 1319 956 1372 inter
1004 1320 1291 1382 morandum,
1342 1333 1387 1373 et
1447 1320 1702 1392 [subinde]
1745 1320 1832 1372 mi-

402 1414 640 1486 grandum
678 1415 967 1485 traffigetur
990 1414 1016 1466 ἓ

330 1511 508 1562 Annon
556 1507 803 1580 aliquando
851 1509 1140 1581 mg‘sbrebz'tur
1183 1509 1284 1570 mei,
1327 1522 1371 1560 et
1414 1509 1639 1561 rationem
1660 1508 1839 1581 stzlzctis

402 1623 514 1655 meae
539 1602 723 1655 habebit
741 1603 768 1655 ἓ

183 1722 409 1791 Fuitque
454 1720 547 1772 ista
597 1740 776 1772 eorum
823 1721 1156 1782 consuetudo,
1199 1721 1516 1792 temporibus
1567 1721 1738 1772 aestivo
1789 1732 1841 1771 et

184 1836 373 1870 verno:
417 1817 728 1867 adventante
765 1836 884 1867 vero
912 1818 1027 1888 jam
1070 1817 1274 1886 hyeme,
1318 1836 1437 1867 cum
1479 1815 1645 1867 herbis
1675 1816 1838 1866 nuda-

186 1923 327 1963 retur
355 1922 504 1970 terra,
546 1911 610 1961 ad
638 1910 796 1962 Erdci
816 1930 946 1970 rura,
990 1922 1042 1961 et
1072 1909 1226 1981 Syrice
1255 1909 1477 1960 confinia
1515 1910 1563 1960 se
1591 1908 1839 1978 recipien—

187 2017 280 2067 tes,
321 2005 636 2066 hiemabant,
673 2005 920 2077 temporis
949 2004 1285 2057 incommoda
1312 2004 1602 2064 tolerantes,
1636 2015 1688 2054 et
1717 2023 1841 2054 con-

189 2112 268 2152 tra
303 2100 466 2153 victus
505 2100 776 2171 penuriam
813 2101 1061 2172 patientia
1098 2102 1367 2152 luftantes.
1438 2099 1597 2154 Quod
1636 2100 1697 2149 ad
1728 2097 1841 2149 reli-

189 2194 364 2266 giones
404 2213 602 2254 eorum,
646 2195 850 2247 diversae
891 2207 1049 2247 erant.
1120 2194 1340 2246 Colebat
1385 2194 1608 2263 Hamyczr
1653 2192 1842 2251 Solem,

194 2287 419 2341 Cendnah
440 2289 672 2349 Lunam,
698 2289 877 2361 Mg'sc‘zm
903 2291 1105 2341 stellam
1128 2287 1407 2341 Aldebarcm
1433 2287 1668 2358 [oculum
1699 2288 1843 2338 Tau-

193 2383 276 2454 ri],
301 2382 574 2434 Lachamus
603 2393 655 2433 et
685 2381 917 2454 Jedczmus
946 2384 1154 2452 Jovem,
1189 2379 1286 2434 Taz‘
1309 2383 1506 2434 stellam
1532 2381 1695 2434 Sohail
1721 2380 1844 2451 [Ca-

194 2477 444 2548 nobum],
497 2476 618 2528 Kcn's
674 2477 874 2529 stellam
919 2477 1167 2548 Alssmari'
1210 2477 1343 2529 lobdr
1403 2477 1660 2548 [Sirium],
1715 2474 1855 2546 Astzd

193 2571 539 2632 Mercurium,
582 2566 779 2643 Thakff
791 2572 1061 2624 aediculam
1092 2572 1145 2622 in
1175 2572 1426 2643 superiore
1456 2584 1596 2643 parte
1627 2570 1847 2629 Nachlae,

196 2685 314 2738 quae
342 2668 621 2719 vocabatur
642 2668 797 2719 Allat.
871 2669 1032 2720 Erant
1063 2687 1125 2718 ex
1159 2668 1270 2738 ipsis
1306 2668 1393 2738 qui
1430 2666 1848 2719 resurrecstionem

196 2772 526 2813 mortuorum
557 2763 905 2833 agnoscerent,
946 2763 1230 2824 afferentes,
1271 2764 1304 2814 fi
1333 2765 1478 2836 cujus
1508 2763 1734 2814 camelus
1768 2762 1848 2812 su·

198 2874 286 2925 per
327 2855 477 2926 ipfius
514 2856 844 2926 sepulchrum
887 2858 1138 2908 mactatus
1184 2857 1353 2918 fuerit,
1396 2857 1581 2928 ipsum,
1623 2875 1746 2907 cum
1790 2854 1851 2904 ad

186 2950 452 3023 judicium
500 2952 741 3023 resurgat,
789 2952 1170 3023 equitaturum3
1215 2964 1267 3003 at
1316 2951 1403 3022 qui
1450 2953 1549 3002 hoc
1596 2950 1704 3001 fieri
1747 2967 1851 2999 non

201 3044 466 3105 curaverit,
509 3045 738 3116 peditem
783 3046 1039 3097 futurum,
1111 3046 1347 3097 Eruditio
1392 3057 1566 3096 autem
1613 3042 1851 3099 Arabum,

1891 2099 2101 2136 Eorundem

1891 2153 2090 2204 Rclgirmr‘s.

1901 3037 2070 3073 Arabum
2097 3034 2172 3071 Sri-

1898 3102 2010 3128 cullae.
