2498 3575
125 528 251 572 rum,
274 509 364 581 qui
390 506 560 560 omnia
588 506 651 558 ab
672 525 734 559 eo
760 504 1034 558 neceffario
1062 504 1221 557 fluere
1249 504 1485 567 afferunt,
1510 506 1647 557 nulla
1673 505 1772 557 ho-

126 606 352 660 minibus
381 606 432 656 in
460 603 698 674 operibus
727 603 821 654 suis
849 603 899 654 in
927 601 1158 654 medium
1200 600 1515 672 proferendis
1543 602 1774 655 coneeffa

128 702 397 774 potestate,
426 698 618 752 infame
654 698 756 751 hoc
784 696 1186 750 AlKadariorum
1223 716 1415 748 nomen
1454 717 1518 749 ex
1546 698 1774 748 Molzam-

125 795 268 851 medis
293 796 542 848 sententia
568 794 903 847 tribuendum
932 794 1010 854 fit,
1041 793 1245 844 difficile
1273 793 1370 844 erit
1390 793 1620 862 judicare
1648 812 1776 844 con-

127 895 304 947 trarias
331 892 438 945 fere
466 891 758 952 sententiaS,
787 910 902 962 quae
928 889 1015 961 ips1
1046 901 1264 959 acceptae
1290 887 1526 940 feruntur
1552 908 1775 960 perpen-

128 992 288 1044 denti.
368 990 548 1060 Fingit
582 989 668 1040 ille
702 989 755 1039 in
781 987 927 1039 dietis
955 987 1017 1038 ab
1044 986 1153 1057 ipso
1180 985 1387 1037 testium
1415 984 1557 1037 omni
1583 1004 1777 1056 exeep-

126 1089 267 1140 tione
293 1086 554 1156 majorum
580 1084 680 1136 fide
710 1084 899 1144 relatis,
919 1081 1163 1134 Adamum
1190 1100 1313 1133 cum
1335 1081 1487 1151 Nlofi’,
1513 1081 1577 1133 fic
1604 1100 1776 1133 coram

127 1185 246 1236 Deo
272 1182 637 1254 disputantem.
701 1177 777 1232 Tu
809 1179 1001 1251 (inquit
1028 1177 1208 1249 Moses)
1239 1179 1283 1229 O
1304 1176 1486 1239 Adam,
1509 1179 1549 1228 is
1574 1197 1620 1229 es
1645 1197 1779 1249 quem

127 1278 379 1349 manustca
405 1277 594 1330 creavit
619 1278 776 1338 Deus,
811 1286 857 1327 et
883 1277 932 1327 in
960 1295 1093 1348 quem
1119 1273 1174 1326 de
1180 1274 1372 1346 spiritu
1379 1274 1473 1344 fico
1500 1274 1777 1345 inspiravit,

129 1393 353 1447 quemque
377 1373 438 1426 ab
463 1373 668 1444 Angelis
689 1371 888 1424 adorari
903 1371 1054 1443 fecit,
1082 1383 1130 1423 et
1168 1373 1216 1422 in
1252 1369 1489 1441 Paradish
1516 1370 1778 1433 collocavit,

127 1491 183 1523 ex
203 1489 291 1543 quo
315 1482 372 1521 ut
397 1469 682 1539 ejicerentur
706 1469 754 1521 in
780 1480 966 1520 terram
991 1467 1192 1519 homines
1208 1478 1458 1539 peccatum
1484 1478 1621 1518 tuum
1641 1466 1783 1537 causa

109 1567 244 1639 fuit.
273 1566 561 1638 Respondit
579 1566 655 1618 illi
674 1563 856 1627 Adam,
877 1561 953 1618 Tu
971 1584 1016 1616 es
1033 1564 1208 1633 Mases,
1230 1582 1364 1635 quem
1384 1561 1524 1633 elegit
1522 1561 1627 1634 fibi
1644 1564 1783 1614 Deus

129 1666 178 1715 in
198 1664 428 1734 legatum,
446 1675 493 1714 et
512 1663 594 1714 cui
607 1660 808 1714 verbum
818 1661 969 1732 suum
988 1660 1315 1720 committeret,
1335 1658 1462 1711 datis
1478 1657 1572 1710 tibi
1585 1657 1779 1720 tabulis,

128 1760 177 1812 in
203 1758 373 1832 quibus
407 1759 644 1832 explicata
660 1757 787 1829 sunt
825 1757 996 1819 omnia,
1035 1769 1083 1809 et
1119 1776 1252 1829 quem
1272 1755 1379 1825 sthi
1408 1754 1478 1807 ad
1506 1755 1779 1826 colloquium

127 1858 513 1929 appropinquare
519 1855 651 1927 fecit
663 1881 678 1917 3
708 1866 820 1927 quat
838 1855 976 1906 annis
994 1865 1248 1925 antequam
1275 1872 1356 1923 ega
1382 1871 1595 1912 crearer,
1606 1851 1777 1922 scrip-

129 1965 230 2005 tam
236 1951 388 2023 suiſje
407 1972 438 2004 a
459 1954 565 2004 Deo
587 1952 748 2022 legem,
777 1949 993 2023 reperis?
1023 1948 1279 2021 Respondit
1298 1949 1471 2018 Masts,
1501 1967 1588 2017 40.
1632 1949 1781 2000 Dixit

130 2050 320 2110 Adam,
349 2051 421 2101 Et
446 2067 559 2100 num
584 2048 632 2100 in
656 2047 957 2119 msa-{ptum
983 2045 1200 2117 reperssi
1230 2044 1362 2116 [haec
1389 2044 1565 2116 verba]
1601 2046 1674 2095 Et
1697 2063 1779 2094 re-

127 2145 328 2198 bellavit
361 2143 523 2197 Adam
564 2146 613 2196 in
652 2143 914 2196 Dominum
937 2143 1088 2214 filum
1131 2153 1178 2193 et
1212 2140 1406 2193 erravit
1425 2139 1452 2191 ,ἒ
1491 2139 1782 2210 Affirmante

129 2242 281 2314 M0st’2
304 2244 373 2294 Et
394 2239 640 2313 numquid,
664 2241 850 2312 inquit,
874 2259 943 2291 me
968 2238 1132 2310 culpas
1152 2237 1264 2309 quia
1271 2236 1481 2309 fecerim
1507 2234 1640 2296 illud,
1662 2233 1788 2307 quod

128 2340 269 2391 Deus
302 2337 357 2389 de
388 2357 457 2389 me
477 2337 750 2408 scripst’rat
783 2355 854 2388 me
865 2336 1152 2406 facturum,
1191 2345 1447 2405 antequam
1481 2351 1678 2385 crearer
1709 2350 1780 2399 40

128 2433 303 2486 annis?
340 2434 469 2505 [imo
501 2433 569 2485 ob
609 2452 720 2484 rem
753 2450 811 2506 ὰς
838 2448 939 2508 203·
976 2450 1094 2503 quae
1129 2428 1321 2482 decreta
1358 2428 1418 2500 cst
1451 2427 1506 2480 de
1537 2447 1606 2480 me
1632 2440 1780 2479 ante-

129 2549 286 2602 quam
313 2543 607 2582 crearentur
627 2529 747 2581 coeli
775 2542 826 2580 et
853 2541 986 2580 terra
1015 2541 1104 2588 hm
1132 2560 1214 2584 m
1245 2545 1455 2606 &Q
1477 2524 1614 2576 annis
1641 2523 1782 2595 quin-

129 2626 324 2699 quagies
355 2624 576 2688 millibus,
605 2638 662 2677 ut
698 2623 905 2677 Author
940 2624 1056 2676 libri
1080 2638 1242 2703 2³7⁴&
1272 2642 1392 2702 μὲ
1433 2641 1460 2673 e
1495 2618 1714 2690 Moflemo
1727 2618 1774 2691 ἒ]

132 2725 281 2776 Dixit
307 2720 678 2782 Melzammedes,
709 2757 829 2797 ἑὴν»
863 2734 933 2808 505
962 2737 1090 2804 ἔξω·
1119 2731 1166 2771 et
1191 2718 1314 2771 vicit
1333 2729 1463 2769 certe
1481 2714 1644 2768 Adam
1663 2716 1782 2767 Mo-
1879 2743 1935 2799 ‘53
1964 2738 2059 2795 aed-i

110 2818 216 2890 sem
243 2817 345 2870 hoc
372 2831 698 2890 argumentO,
728 2817 882 2887 idque
927 2835 1065 2894 σήμ,
1109 2813 1196 2875 bis,
1227 2827 1283 2865 ut
1323 2814 1374 2865 in
1415 2811 1650 2864 Bochario
1690 2811 1780 2871 est,
1883 2803 2098 2856 ‘'xxxxds

2 2944 5 2962 ι
39 2979 52 2985 μ
130 2915 261 2985 apud
293 2933 451 2986 quem
491 2915 672 2965 eadem
710 2925 976 2964 narrantur
1015 2911 1099 2963 sed
1134 2910 1288 2981 paulo
1319 2908 1644 2968 contraefius,
1672 2905 1779 2959 haec
1826 2873 2061 2912 EbnolAthn.

132 3023 308 3061 autem
336 3010 400 3061 ad
427 3009 646 3061 verbum
673 3008 779 3060 fere
802 3008 933 3059 verti
961 3019 1115 3079 prout
1144 3007 1196 3058 in
1222 3006 1455 3077 margine
1485 3004 1603 3055 libri
1628 3002 1779 3071 Mog—

131 3104 213 3155 reb
256 3105 508 3176 descripta
552 3105 729 3175 reperi.
811 3103 1012 3154 Eodem
1059 3102 1251 3174 speetat
1297 3115 1348 3153 et
1394 3100 1535 3171 quod
1571 3098 1634 3150 ab
1672 3097 1779 3168 ipso
