2498 3575
170 714 224 766 J.
264 716 330 767 B.
375 716 624 770 Kochleri
663 717 974 789 Profeffiris
1014 716 1451 768 Eaetraordinarii
1488 717 1838 786 Philosophiae

245 840 298 884 et
332 832 689 902 Hqstoriczrwn
728 834 784 886 in
810 835 1098 886 Academia
1134 833 1440 904 Kilonietfi,
1467 835 1732 886 Jadicimn
1773 836 1838 887 de

244 949 415 1002 codice
431 951 786 1020 manuscripto
804 950 1056 1020 Historioe
1078 951 1383 1019 unieetgsc'zlis
1404 951 1457 1002 in
1480 952 1835 1020 compendium

244 1067 478 1119 reclche
523 1067 589 1120 ab
635 1068 856 1137 Ismcoele
892 1067 1159 1137 Abzdfeda
1199 1067 1524 1137 conscriptae,
1563 1069 1652 1139 qui
1681 1069 1838 1137 prius

243 1184 317 1235 ad
360 1183 734 1237 Bibliothecam
785 1185 1333 1254 San-Germanensem
1373 1185 1653 1254 pertinuit,
1702 1204 1837 1237 mmo

239 1319 359 1354 vero
386 1301 437 1354 in
466 1301 787 1355 Bibliotheca
816 1302 1094 1355 Nationa'li
1121 1301 1361 1372 Paristcn
1386 1323 1403 1353 2
1431 1302 1759 1371 adservatur.

173 1531 468 1618 CODEX
497 1567 570 1618 est
605 1567 862 1637 quantivis
889 1568 1056 1638 pretii,
1088 1587 1247 1620 manu
1274 1567 1462 1620 autoris
1485 1567 1632 1637 ipsius
1660 1586 1831 1619 exara-

168 1683 267 1723 tus.
335 1672 455 1723 Hoc
482 1674 598 1743 jarn
637 1672 946 1723 existimavit
979 1672 1054 1723 vir
1087 1674 1237 1742 longe
1269 1672 1584 1723 doctissimus
1626 1673 1831 1724 Renau·

167 1778 337 1841 dotus,
387 1778 530 1848 cujus
579 1778 743 1837 verba,
791 1777 977 1848 quibus
1018 1778 1157 1828 hunc
1200 1777 1433 1828 codicem
1476 1777 1730 1837 describit,
1779 1777 1832 1827 in

166 1881 390 1933 Historia
439 1882 525 1932 sua
575 1881 976 1951 patriarcharum
1024 1881 1357 1932 Alexandrin.
1407 1901 1456 1951 p.
1499 1882 1588 1949 78,
1636 1881 1832 1951 integra

164 1985 350 2055 legisse,
381 2005 487 2036 non
515 1986 808 2056 poenitebit.
855 1997 888 2017 “
913 1987 972 2037 In
1002 1986 1260 2046 ditiffima,
1293 1986 1480 2055 inquit,
1511 1986 1828 2055 manuscrip-

166 2100 199 2121 “
231 2102 404 2141 torum
425 2091 593 2142 omnis
611 2091 808 2161 generis
829 2090 1140 2142 bibliotheca
1160 2091 1464 2160 Segueriana
1488 2091 1647 2141 exstat
1670 2092 1831 2142 codex

167 2204 199 2225 “
227 2195 359 2246 illius
388 2195 606 2246 historiae
642 2194 981 2266 [Abulfedae],
1013 2194 1102 2265 qui
1131 2215 1236 2246 non
1272 2196 1429 2246 modo
1469 2195 1604 2245 aetati
1640 2194 1829 2245 autoris

166 2309 199 2329 “
229 2300 431 2369 aequalis
482 2300 569 2359 est,
622 2300 705 2350 sed
751 2301 814 2350 ad
856 2318 979 2350 eum
1027 2298 1337 2369 pertinuiffe,
1389 2311 1440 2350 et
1488 2299 1620 2350 illius
1667 2319 1827 2350 manu

167 2414 200 2436 “
234 2403 411 2455 multis
447 2403 500 2454 in
543 2403 664 2454 locis
698 2405 1000 2455 emendatus
1041 2402 1185 2454 fuiffe
1220 2402 1436 2454 videtur.
1507 2403 1566 2453 In
1596 2422 1656 2453 eo
1687 2402 1825 2453 enim

167 2518 200 2541 “
231 2509 400 2559 liturae
450 2509 618 2578 plures
665 2519 963 2568 occurrunt,
1012 2520 1064 2558 et
1107 2507 1510 2567 emendationes,
1561 2526 1666 2558 non
1712 2527 1827 2576 quae

166 2622 199 2643 “
227 2612 499 2683 antiquarii
535 2612 725 2663 librum
761 2612 1084 2670 recensentis,
1118 2612 1200 2662 sed
1233 2611 1422 2662 autoris
1452 2611 1601 2681 ipsius
1631 2612 1715 2662 sua
1746 2631 1823 2662 re—

166 2727 199 2748 “
229 2717 491 2768 tractantis
531 2736 749 2767 manum
791 2716 1035 2767 indicant.
1104 2716 1322 2767 Litterae
1363 2716 1521 2767 etiam
1561 2715 1822 2785 grandius-

165 2831 198 2852 “
226 2822 373 2881 culae,
404 2822 576 2891 quales
616 2822 769 2890 vulgo
799 2821 916 2871 sunt
946 2820 1168 2870 hominis
1196 2821 1258 2870 de
1289 2820 1612 2890 calligraphia
1642 2839 1820 2889 parum

164 2936 198 2957 “
229 2926 447 2986 solliciti,
475 2938 526 2976 et
555 2945 671 2995 quoe
702 2926 764 2975 ab
793 2924 1044 2994 elegantia
1071 2943 1173 2993 qua
1202 2935 1343 2975 totus
1371 2925 1496 2975 liber
1518 2924 1728 2994 scriptus
1753 2924 1824 2974 est

166 3032 377 3100 “longe
417 3030 616 3090 absunt,
656 3028 948 3098 Principem
987 3027 1154 3097 ipsum
1192 3040 1426 3079 autorem
1462 3028 1624 3098 operis
1661 3028 1820 3097 desig-
