2498 3575
164 449 395 519 margine
426 449 684 519 scripserat
712 461 876 511 autor,
911 451 1094 502 resechi
1126 453 1256 504 sunt.
1328 455 1504 524 Itaque
1541 457 1731 508 debent
1766 477 1827 509 ex

163 553 269 603 aliis
299 553 559 604 codicibus
600 554 836 624 suppleri,
870 554 958 624 qui
998 574 1059 606 ex
1098 556 1154 606 iis
1196 557 1335 608 ducii
1377 559 1512 619 sunt,
1548 572 1825 629 antequam

163 654 214 706 in
263 675 445 707 manus
493 657 639 708 scaevi
687 658 820 708 illius
870 659 1094 710 hominis
1142 660 1397 713 venirent.
1477 664 1573 714 Sed
1620 665 1717 715 hoc
1764 666 1826 716 de

162 759 330 811 nostro
354 761 547 811 Codice
571 761 807 812 historico
828 764 1115 813 notandum
1142 764 1230 822 est,
1251 784 1355 815 non
1381 765 1640 836 integrum
1666 768 1822 819 Codi—

161 883 276 915 cem
306 864 399 915 effe
431 884 590 916 manu
621 866 896 917 Abulfedae
926 866 1192 936 scriptum,
1221 869 1303 918 sed
1335 871 1582 939 majorem
1615 883 1824 922 tantum

162 969 268 1038 ejus
300 981 524 1037 partem:
558 988 783 1038 namque
813 969 864 1020 in
891 971 1029 1021 haud
1062 971 1232 1041 paucis
1266 972 1394 1023 foliis
1424 972 1611 1024 diversa
1643 994 1826 1025 manus

161 1083 394 1141 apparet;
429 1071 512 1122 illa
543 1072 656 1123 dico
687 1092 804 1143 quae
835 1073 1013 1125 litteris
1044 1074 1326 1126 minoribus
1355 1088 1407 1127 et
1437 1078 1589 1146 paulo
1617 1079 1825 1147 elegan-

161 1175 260 1226 tius
290 1175 472 1245 scripta
501 1177 635 1227 sunt.
702 1178 879 1246 Atque
911 1179 1020 1228 haec
1052 1197 1146 1248 ego
1177 1179 1389 1231 arbitror
1419 1200 1524 1231 non
1552 1183 1615 1232 ab
1644 1182 1743 1233 alio
1774 1182 1826 1233 in

160 1280 434 1330 Abulfedae
463 1281 613 1331 usum
645 1281 893 1351 descripta
922 1281 1048 1333 effe:
1094 1282 1144 1332 in
1173 1283 1248 1333 his
1278 1284 1417 1334 enim
1449 1284 1630 1335 nullibi
1661 1287 1825 1337 Abul-

160 1383 289 1434 fedae
329 1403 545 1434 manum
590 1384 781 1453 aliquid
827 1385 1124 1455 corrigentis
1162 1387 1242 1437 vel
1285 1388 1517 1438 addentis
1556 1390 1736 1458 reperi,
1776 1401 1828 1440 et

161 1488 411 1538 nonnulla
441 1499 619 1538 tamen
648 1489 902 1539 observavi
933 1489 1110 1540 vitiose
1137 1489 1338 1559 scripta,
1365 1490 1624 1561 integrum
1655 1505 1827 1562 caput,

160 1591 285 1642 illud
326 1610 518 1661 nempe
568 1592 708 1661 quod
758 1593 821 1642 de
862 1593 1139 1643 stemmate
1182 1593 1572 1646 Mohammedis
1623 1597 1825 1657 tradiat,

160 1696 279 1763 quia
315 1695 537 1765 spatium
569 1697 760 1755 deerat,
791 1696 1185 1766 praetermiffum
1210 1717 1220 1747 ε
1269 1697 1425 1767 igitur
1456 1699 1708 1750 Codicem
1739 1720 1825 1751 ex-

161 1800 331 1851 istimo
364 1801 593 1851 lacerum
628 1819 686 1851 ac
724 1799 994 1859 mutilum,
1027 1800 1196 1873 (cujus
1232 1802 1369 1852 haud
1404 1821 1566 1872 pauca
1602 1805 1828 1874 prostant

162 1903 392 1975 indicia,)
416 1905 710 1975 suppletum
733 1924 761 1955 a
787 1904 1058 1956 recentiori
1080 1906 1306 1975 quodam
1330 1906 1608 1976 poffeffore.
1649 1909 1827 1977 Atque

160 2007 300 2059 idem
331 2007 460 2059 forte
492 2008 648 2059 fuerit
680 2007 756 2060 vir
782 2009 979 2068 doc'tus‚
1010 2009 1099 2079 q‘ui
1138 2010 1274 2060 haud
1311 2029 1499 2079 paucos
1538 2011 1826 2062 litterarum

160 2113 344 2163 ducstus
377 2113 630 2164 vetustate
669 2113 1048 2183 propemodum
1081 2112 1289 2164 extritos
1316 2126 1367 2164 et
1398 2114 1652 2184 fugientes
1681 2135 1824 2185 repe-

161 2216 262 2275 tiit,
293 2217 485 2286 punc'ffl
518 2216 673 2268 etiam
717 2215 976 2267 diacritica
1013 2217 1075 2267 ab
1111 2216 1366 2268 Abulfeda
1403 2218 1580 2269 omiffa
1621 2219 1826 2290 adjecit,

160 2334 315 2390 atque
342 2322 442 2372 hoc
473 2322 629 2372 modo
658 2319 781 2372 vitia
810 2322 1068 2389 quaedam,
1092 2320 1213 2371 licet
1241 2321 1387 2381 levia,
1419 2322 1600 2373 Codici
1631 2320 1824 2374 intulit.

162 2425 243 2475 Sic
272 2424 430 2485 enim,
463 2423 600 2475 verbi
639 2423 818 2494 gratia,
856 2423 1131 2494 aliquando
1172 2443 1260 2493 pro
1304 2423 1357 2479 l«,
1395 2427 1534 2495 quod
1570 2426 1828 2477 Abulfeda

159 2528 449 2598 reliquerat,
475 2529 537 2578 de
560 2547 695 2579 novo
725 2526 972 2596 scriptum
1005 2527 1177 2579 inveni
1213 2525 1309 2603 [γὼ
1342 2548 1432 2598 pro
1465 2524 1585 2597 [ffjlj'
1609 2531 1824 2599 puncia-

161 2644 278 2683 tum
319 2632 480 2702 reperi
526 2629 669 2699 [pig.
757 2630 960 2681 Definit
1010 2650 1129 2682 vero
1178 2631 1323 2682 hicce
1371 2633 1551 2684 Codex
1589 2632 1642 2684 in
1691 2653 1827 2684 anno

161 2735 370 2806 Hegirae
414 2751 540 2804 710,
581 2737 811 2804 adeoque
855 2753 952 2785 nec
994 2735 1163 2804 ipsum
1204 2755 1403 2787 annum
1447 2752 1553 2805 715
1595 2737 1825 2807 attingit,

161 2860 360 2891 annum
390 2840 556 2898 illum,
586 2859 690 2908 quo
717 2838 976 2888 Abulfeda
1003 2839 1052 2890 se
1082 2838 1341 2890 historiam
1374 2841 1518 2891 suam
1551 2840 1824 2892 condidisse

161 2944 404 2995 affirmat.
468 2944 567 2993 Sed
597 2954 773 2992 tamen
805 2961 866 2993 ex
893 2942 1063 2994 nostro
1094 2942 1304 3003 Codice,
1332 2944 1565 3012 quamvis
1592 2944 1652 2994 sit
1675 2956 1822 2995 auto-

161 3049 398 3118 graphus,
431 3045 651 3097 minime
680 3046 877 3116 probari
909 3045 1029 3096 licet
1057 3046 1372 3097 Abulfedam
1396 3049 1530 3098 ultra
1559 3049 1699 3098 hunc
1728 3067 1820 3097 an-

948 3136 969 3170 3
993 3124 1034 3160 H

1970 313 2072 367 417
