2498 3575
303 327 404 380 572
1115 313 1633 355 EXCERPTA

200 260 206 284 Ι

201 419 207 608 ι
548 502 580 521 “
608 492 918 563 permiserit,
944 511 1052 543 non
1074 493 1310 543 nostrum
1336 493 1408 542 est
1433 496 1558 543 e'um
1586 491 1888 561 repellere.”
1930 491 2202 543 Profectus

547 589 619 639 est
644 589 821 657 itaque
846 587 1342 638 Abdalmotallebus
1368 587 1545 638 versus
1571 587 1844 638 Abraham
1877 604 2000 637 cum
2028 586 2204 656 legato

201 609 207 746 i
548 702 706 752 quem
748 702 839 734 rex
875 682 1101 733 miserat.
1180 682 1321 733 Eum
1362 683 1498 733 bene
1531 683 1740 750 excepit
1773 681 2007 739 Abraha,
2044 690 2205 750 atque

547 780 611 829 de
651 778 779 829 solio
820 778 1138 829 descendens
1179 777 1415 828 consedit
1454 795 1577 828 cum
1617 776 2100 835 Abdalmotallebo‚
2136 776 2205 826 ab

545 892 715 943 eoque
741 873 978 942 quaesivit
1004 891 1250 942 quaenam
1278 872 1403 923 effet
1427 873 1685 923 adventus
1712 871 1787 922 sui
1814 871 1981 923 causa.
2048 871 2205 922 Tunc

545 969 1058 1029 Abdalmotallebus,
1087 968 1318 1018 camelos
1350 967 1468 1017 suos
1495 967 1586 1035 qui
1616 967 1827 1017 fuerant
1855 967 2027 1017 abaeti
2053 984 2204 1034 repe·

546 1075 670 1114 tere.
751 1063 979 1114 Miratus
1019 1081 1147 1115 rex:
1195 1070 1227 1090 ‘⁶
1252 1061 1408 1113 Certe
1442 1062 1642 1131 putavi,
1677 1062 1868 1131 inquit,
1906 1071 1958 1112 te
1990 1079 2204 1112 mecum

548 1167 580 1186 ‘⁶
609 1159 851 1210 acturum
887 1158 987 1209 effe
1022 1176 1090 1209 ne
1127 1157 1358 1208 Caabam
1398 1166 1650 1218 evertam,
1679 1176 1798 1226 quae
1833 1158 1905 1208 est
1937 1156 2204 1228 religionis

549 1262 580 1283 “
610 1263 715 1306 tuae
743 1253 953 1323 caput.''
1003 1262 1035 1282 “
1064 1253 1178 1304 Mei
1204 1253 1342 1315 sunt,
1369 1253 1544 1321 inquit
1575 1252 2090 1314 Abdalmotallebus,
2118 1271 2206 1303 ca-

549 1358 582 1379 “
612 1350 752 1409 meli,
784 1350 900 1400 illos
933 1358 1147 1418 repeto:
1189 1348 1392 1418 templo
1419 1347 1688 1399 Dominus
1720 1349 1792 1399 est
1825 1348 1917 1416 qui
1948 1348 2079 1398 illud
2114 1349 2205 1398 de-

550 1453 582 1474 “
609 1445 842 1497 fendet.’'
894 1445 1051 1496 Juffit
1076 1445 1256 1513 itaque
1282 1462 1373 1494 rex
1402 1444 1631 1495 camelos
1662 1444 1810 1494 reddi
1834 1443 2206 1494 Abdalmotal-

547 1542 685 1602 lebo,
714 1541 821 1609 qui,
850 1541 922 1591 eis
949 1540 1189 1608 receptis,
1217 1540 1282 1590 ad
1311 1537 1663 1589 Koreischitas
1692 1538 1923 1590 reversus
1949 1539 2037 1590 est.

623 1636 731 1687 Ubi
757 1654 848 1687 rex
873 1654 904 1687 a
929 1635 1119 1686 Mecca
1144 1635 1287 1685 haud
1319 1634 1504 1702 procul
1536 1635 1733 1696 aberat,
1760 1635 1984 1704 jamque
2017 1635 2205 1685 urbem

548 1732 742 1782 intrare
767 1732 1003 1800 parabat,
1031 1731 1208 1781 evenit
1233 1739 1295 1780 ut
1323 1730 1529 1799 quoties
1555 1730 1895 1799 elephantem
1923 1729 2093 1790 suum,
2121 1729 2207 1780 cui

548 1826 913 1878 Mahmoudus
953 1843 1154 1876 nomen
1193 1835 1321 1886 erat,
1362 1824 1536 1875 versus
1580 1824 1826 1875 Meccam
1871 1825 2080 1894 agebat,
2120 1824 2211 1875 ille

551 1922 821 1983 dormiret,
849 1930 901 1972 et
929 1921 979 1972 se
1005 1921 1060 1971 in
1088 1929 1281 1971 terram
1320 1919 1634 1988 projiceret:
1677 1928 1863 1970 contra
1888 1919 1939 1970 se
1965 1920 2207 1990 erigeret,

549 2025 602 2067 et
635 2017 855 2068 incitato
887 2017 1054 2087 gradu
1086 2024 1347 2086 pergeret,
1375 2015 1581 2084 quoties
1617 2015 1793 2066 versus
1828 2015 1991 2066 alium
2027 2016 2207 2066 locum

550 2121 807 2181 ageretur.
887 2110 1098 2163 Interea
1132 2110 1349 2162 immisit
1384 2109 1533 2161 Deus
1567 2111 1624 2160 in
1655 2128 1744 2161 eos
1771 2111 1948 2162 avium
1975 2120 2209 2162 catervas

549 2206 1006 2275 vespertilionibus
1043 2206 1311 2267 fimilium,
1347 2224 1570 2274 quarum
1606 2205 1821 2276 singulae
1859 2216 1964 2257 tres
2002 2207 2209 2275 lapillos

551 2302 852 2370 portabant,
874 2302 1037 2352 rostro
1062 2311 1116 2353 et
1140 2301 1354 2371 singulis
1381 2301 1602 2369 pedibus
1628 2301 1859 2371 singulos
1885 2302 2090 2370 lapillos
2114 2319 2208 2372 ge·

553 2406 744 2459 renteS,
774 2414 906 2466 quos
940 2397 995 2448 in
1033 2397 1226 2447 milites
1254 2395 1485 2447 Abrahae
1515 2396 1896 2466 projiciebant:
1938 2406 2089 2448 erant
2113 2415 2208 2448 au-

552 2500 661 2543 tem
701 2492 864 2560 lapilli
898 2491 1078 2543 ciceris
1111 2491 1194 2542 vel
1228 2491 1387 2556 lentis
1428 2492 1813 2562 magnitudine,
1854 2500 1908 2542 et
1946 2492 2001 2543 in
2038 2510 2207 2561 quen-

262 2603 301 2639 P.
323 2613 414 2651 493·
521 2605 526 2658 ς
553 2605 717 2655 quam¹
741 2605 849 2637 non
877 2587 1198 2647 incidebant,
1227 2586 1357 2654 quin
1383 2586 1592 2655 periret.
1660 2586 1787 2638 Non
1814 2596 1993 2638 tamen
2021 2605 2210 2638 omnes

553 2700 642 2732 eos
669 2682 723 2732 hi
750 2682 913 2750 lapilli
938 2682 1245 2752 attigerant:
1276 2681 1412 2732 mifit
1434 2682 1610 2750 itaque
1635 2681 1783 2733 Deus
1809 2683 1865 2732 in
1890 2700 1979 2733 eos
2001 2691 2207 2733 torren-

555 2787 683 2837 tem,
711 2795 740 2827 a
773 2795 879 2844 quo
914 2777 969 2826 in
1005 2794 1149 2827 mare
1183 2776 1305 2827 sunt
1338 2777 1587 2846 projecti:
1633 2777 1723 2845 qui
1754 2795 1880 2828 vero
1912 2777 2208 2839 evaserunt,

555 2871 823 2941 fugerunt,
870 2880 922 2922 et
967 2872 1022 2921 in
1065 2871 1362 2922 Yemanam
1410 2889 1532 2922 cum
1580 2870 1798 2923 Abraha
1843 2872 2030 2923 reverfi
2067 2872 2208 2933 sunt,

556 2966 710 3016 celeri
749 2966 875 3036 fuga
913 2965 964 3016 se
1002 2966 1384 3035 proripientes:
1436 2976 1490 3016 et
1529 2985 1639 3035 prae
1680 2968 1844 3018 nimia
1877 2967 2209 3018 festinatione

556 3060 658 3111 sese
685 3061 912 3112 invicem
939 3061 994 3110 in
1020 3079 1211 3129 aquam
1239 3060 1613 3129 conjiciebant,
1637 3063 1843 3130 quoties
1865 3064 1931 3113 ad
1951 3080 2207 3131 aquarum
