2498 3575
438 335 535 368 120
1164 392 1166 399 Ι
1283 325 1694 370 NOTAE.

672 517 787 568 quae
814 533 904 586 ρ,
928 501 1117 571 audit),
1145 503 1301 554 tribui
1335 517 1513 555 monet
1551 503 1736 556 author
1776 506 2011 576 proxime
2048 503 2303 565 laudatu8‚

671 594 796 645 adeo
823 608 880 647 ut
905 597 1098 649 mirum
1123 617 1226 649 non
1253 598 1312 649 fit
1339 598 1479 668 quod
1513 617 1633 650 cum
1663 598 1876 650 Caabam
1908 598 2177 668 indigitare
2209 616 2304 650 vo-

670 690 824 741 luerit
850 691 1151 761 Euthymius,
1179 694 1399 743 Meccam
1434 694 1805 755 nominaverit3
1846 712 2002 764 quam
2032 693 2188 744 etiam
2220 705 2304 744 to-

671 797 776 836 tam
818 803 846 835 a
889 786 1130 838 nobiliori
1170 787 1245 838 sui
1287 799 1426 856 parte
1448 788 1650 857 stzcram
1696 788 1799 840 Dei
1838 787 2017 839 domum
2062 786 2309 858 appellari

672 880 909 932 discimus
937 899 964 931 a
992 879 1272 950 Scfio'ddino
1297 882 1348 932 in
1375 882 1569 934 Lexico
1587 882 1955 954 Geographico
1982 901 2096 933 eam
2121 882 2189 934 fic
2215 882 2308 933 de—

671 976 942 1036 scribente,
979 990 1126 1063 (⁸1³⁸st
1173 988 1249 1033 «ὼὶ
1293 998 1418 1046 Q
1461 993 1592 1034 25„
1648 979 1682 1029 i.
1712 997 1759 1029 e.
1801 979 1973 1029 Mecca
2008 975 2165 1028 domus
2208 976 2314 1028 Dei

667 1070 841 1140 sacra.

743 1165 831 1216 Est
864 1184 986 1236 ergo
1021 1167 1279 1237 templum
1318 1165 1485 1218 Caczba
1515 1167 1652 1238 apud
1687 1165 1878 1217 Arabes
1913 1167 2193 1237 antiquitus
2225 1166 2304 1218 sa-

667 1278 834 1321 crum,
871 1279 966 1311 nec
997 1261 1108 1330 jam
1145 1261 1207 1312 de
1246 1262 1409 1332 prima
1447 1262 1556 1331 ejus
1592 1261 1781 1313 conditi
1816 1262 2030 1322 ratione,
2064 1262 2198 1313 inter
2223 1280 2305 1313 eas

668 1374 782 1425 quae
801 1355 863 1406 ad
880 1354 1133 1406 honorem
1153 1356 1228 1407 illi
1247 1356 1624 1408 conciliandum
1652 1369 1938 1417 narrantur,
1958 1355 2155 1409 fabulas
2177 1357 2306 1408 certi

665 1451 944 1520 quicquam
983 1450 1231 1521 expiscari
1274 1451 1410 1512 licet,
1455 1452 1544 1503 nifi
1584 1450 1749 1503 forsan
1793 1452 1999 1503 illorum
2041 1451 2304 1504 sententiae

665 1546 965 1597 accedamus
1006 1547 1094 1616 qui
1135 1546 1414 1617 (referente
1442 1546 1794 1616 Slzalzrcstanio)
1833 1565 1947 1598 eam
1973 1547 2100 1598 olim
2126 1546 2186 1598 τὲ
2208 1563 2300 1623 33)

665 1641 697 1692 i.
729 1661 775 1692 e.
819 1641 1029 1692 Saturni
1048 1641 1228 1693 fanum
1253 1641 1398 1694 fuiffe
1424 1642 1664 1703 afferunt,
1691 1643 1842 1713 eique
1869 1661 1897 1693 a
1925 1644 2091 1712 primo
2117 1642 2301 1695 condi-

665 1749 773 1788 tore
810 1736 1122 1789 dedicatum.
1189 1740 1365 1808 Qam
1397 1737 1721 1799 sententiam,
1760 1738 1878 1789 licet
1911 1737 1974 1789 ab
1999 1738 2106 1810 ipso
2131 1738 2298 1808 rejec-

665 1844 789 1892 tam,
825 1832 1147 1901 probabilem
1184 1845 1356 1884 tamen
1391 1831 1513 1884 facit
1549 1833 1687 1903 quod
1722 1831 1977 1903 perhibet,
2004 1832 2148 1885 fuiffe
2174 1833 2299 1885 olim

663 1925 913 1978 Arabibus
939 1940 989 1979 et
1022 1926 1155 1978 Indis
1185 1930 1434 1999 (quorum
1460 1946 1708 1999 magnum
1736 1928 1787 1979 in
1821 1928 1970 1980 rebus
1997 1928 2059 1980 ad
2085 1928 2298 2000 religio-

665 2041 785 2073 nem
823 2022 1164 2093 spectantibus
1211 2023 1511 2075 consensum
1554 2022 1815 2094 praedicat)
1859 2023 2058 2095 septem
2093 2023 2298 2096 conspi-

663 2135 773 2169 cuae
797 2117 949 2169 famae
974 2118 1203 2179 delubra,
1231 2119 1428 2189 septem
1452 2119 1666 2189 planetis
1694 2119 1891 2171 dicata.
1935 2138 1962 2170 e
1991 2118 2178 2189 quibus
2208 2119 2297 2190 (ne

665 2211 870 2263 Arabiae
897 2213 1074 2265 nostrae
1109 2214 1355 2265 terminos
1383 2213 1732 2284 egrediamur)
1764 2212 1908 2265 fuiffe
1936 2214 2005 2265 ait
2033 2226 2180 2291 &⁸⁰⁹ss
2206 2232 2299 2294 μέ..

662 2308 782 2358 Bait
809 2306 1021 2359 Gomdcm
1056 2309 1109 2359 in
1147 2309 1269 2360 urbe
1299 2310 1461 2360 Sancta
1487 2310 1542 2359 Υ
1533 2308 1770 2377 amanergs
1769 2327 1864 2369 um
1897 2260 2068 2379 quodo
2069 2285 2300 2361 condidit

663 2403 841 2454 Dahae
872 2417 1013 2480 ἔγειρε
1050 2417 1132 2489 (ΜΛ
1159 2421 1217 2476 gg
1252 2402 1428 2454 nomini
1460 2404 1526 2454 V
1505 2402 1652 2454 meris
1669 2402 1893 2473 stzcrum,
1930 2403 2087 2455 diruit
2121 2416 2298 2455 autem

665 2497 874 2548 Otlzmcm
911 2496 1020 2548 Ebn
1048 2497 1222 2568 Aſjan.
1287 2499 1478 2550 Narrat
1503 2496 1859 2569 AlJannabzus
1892 2497 2190 2570 inscriptum
2223 2498 2298 2551 illi

658 2590 800 2642 fuiffe
840 2606 1004 2665 &pt-220
1034 2606 1192 2651 „lasus
1220 2608 1406 2675 ψη»...
1445 2595 1480 2645 i.
1511 2613 1558 2645 e.
1602 2591 1834 2655 Gomdan,
1862 2593 1947 2664 qui
1966 2604 2013 2644 te
2037 2592 2237 2645 diruit
2213 2612 2292 2646 zn-

658 2686 939 2755 terfici‚etur
967 2688 1106 2758 quod
1135 2635 1370 2740 Othinani
1391 2688 1526 2740 caede
1549 2688 1946 2759 comprobatum
1967 2688 2057 2740 est.
2103 2691 2292 2761 Qan-

658 2800 812 2850 quam
838 2795 1012 2834 autem
1041 2782 1254 2834 Caabam
1279 2783 1420 2836 suam
1446 2784 1535 2855 ipfi
1563 2783 1759 2834 mundo
1784 2782 1890 2835 fere
1918 2802 2145 2836 coaevam
2177 2786 2289 2857 (ne,

658 2889 713 2927 ut
750 2890 1001 2947 nugantur
1037 2878 1211 2948 aliqui,
1248 2880 1591 2950 antiquiorem
1623 2878 1836 2947 dicam),
1868 2878 2126 2948 jaC'dtent,
2154 2878 2290 2930 unde

658 2982 710 3022 et
737 2985 921 3026 wi
958 2987 1118 3051 ..μέμῐ
1159 2975 1192 3024 i.
1222 2992 1270 3024 e.
1311 2972 1492 3024 domum
1523 2972 1769 3044 antiquam
1806 2984 2011 3034 vocant,
2048 2991 2152 3044 quo
2185 2972 2288 3025 mi-
2428 3043 2429 3046 Ἴ

346 3081 509 3119 Safiodd.
529 3085 597 3121 &c
659 3084 751 3116 nus
796 3078 970 3117 tamen
1015 3044 1240 3118 eundem
1283 3086 1405 3119 cum
1448 3068 1644 3119 mundo
1688 3067 1960 3118 durationis
2006 3068 2288 3119 terminum
2366 3142 2370 3147 .
2427 3047 2449 3152 ζ
