2498 3575
773 303 1190 347 NOTAE.

152 503 213 536 ac
241 485 423 536 ritibus
453 505 480 537 a
511 482 721 537 Thabete
751 486 937 557 (vulgo
969 483 1166 555 Thebit)
1197 484 1309 536 Ebn
1338 487 1548 547 Corralz,
1578 488 1670 557 qui
1696 488 1805 556 ejus

153 580 254 651 ipse
282 581 446 642 sectae,
478 594 534 632 ut
563 594 614 632 et
642 582 1010 633 celeberrimus
1047 582 1133 633 ille
1171 581 1514 633 Astronomus
1543 582 1803 633 Achzttcz-

152 677 260 727 nius
291 678 476 748 (vulgo
505 676 850 747 Albategnius)
884 678 1064 729 saltem
1092 690 1226 738 ortu,
1256 679 1366 729 viro
1395 678 1588 748 alioqui
1616 679 1803 730 doctis-

151 773 295 833 fimo,
338 773 495 824 libros
538 774 714 844 lingua
757 775 957 844 Syriaca
1002 773 1316 844 conscriptos
1364 772 1607 844 perhibet
1665 774 1804 825 idem

155 868 422 939 Gregorius
446 869 648 921 noster:
693 888 751 921 ac
780 869 968 921 faciem
997 870 1132 921 inter
1167 870 1420 920 orandum
1451 870 1639 921 Polum
1669 872 1803 921 Arc-

151 965 315 1016 ticum
344 965 514 1017 versus
542 965 813 1017 obvertere
844 966 1015 1018 solitos
1045 966 1196 1017 tradit
1217 991 1231 1026 3
1264 969 1296 1002 ἦέ
1320 978 1398 1017 ter
1425 966 1659 1036 quotidie
1688 985 1803 1017 ora-

151 1080 222 1121 re,
250 1062 414 1131 prima
438 1063 551 1114 vice
578 1074 696 1113 ante
725 1075 896 1113 ortum
923 1063 1059 1122 solis,
1089 1062 1311 1113 secunda
1333 1062 1488 1131 juxta
1510 1061 1801 1122 meridiem,

150 1159 302 1209 tertia
334 1159 397 1209 ad
433 1159 700 1230 vesperam
720 1185 735 1220 3
770 1159 1033 1228 jejunium
1065 1158 1161 1209 illis
1196 1157 1294 1209 effe
1338 1158 1545 1229 triginta
1580 1158 1800 1219 dierum,

150 1254 291 1306 aliud
326 1273 537 1316 novem,
571 1255 709 1307 aliud
740 1255 935 1326 septem
954 1281 968 1316 3
1010 1254 1220 1306 afferere
1256 1255 1404 1325 ipsos,
1439 1255 1802 1306 sceleratorum

147 1351 341 1402 animas
369 1352 478 1421 post
505 1353 682 1403 novies
709 1351 854 1402 mille
883 1351 1177 1403 seculorum
1197 1352 1485 1402 cruciatum
1507 1353 1559 1402 in
1581 1351 1802 1422 gratiam

145 1465 270 1499 cum
306 1449 424 1499 Deo
460 1447 626 1499 redire
648 1473 663 1509 3
703 1447 954 1499 abstinere
993 1467 1021 1498 a
1063 1446 1213 1508 fabis,
1253 1447 1392 1508 allio,
1422 1449 1523 1499 &o
1568 1448 1800 1498 victimas

145 1543 255 1596 suas
299 1545 410 1615 igni
451 1546 658 1615 penitus
703 1544 1042 1596 absumendas
1096 1544 1316 1605 tradere,
1369 1544 1568 1595 nullam
1620 1563 1802 1596 eorum

142 1653 345 1711 partem
379 1641 673 1693 comedere.
741 1642 932 1712 Magni
967 1640 1032 1692 ab
1066 1640 1166 1691 illis
1195 1640 1306 1691 fieri
1334 1641 1628 1712 Templum
1654 1642 1799 1691 Affec-

143 1736 269 1806 censt
294 1736 450 1789 refert
477 1735 771 1789 Abu'lFedcz
797 1738 850 1788 in
888 1737 1116 1788 Historia
1135 1763 1150 1799 3
1191 1750 1243 1788 at
1269 1737 1449 1788 locum
1476 1756 1634 1808 quem
1663 1756 1797 1808 prae-

143 1834 297 1905 cipue
325 1834 586 1905 religionis
615 1853 740 1905 ergo
761 1833 929 1885 visunt
955 1852 1114 1905 prope
1142 1833 1329 1885 urbem
1356 1835 1652 1884 Harramcm
1679 1833 1797 1893 effe,

145 1949 301 2001 quam
340 1944 391 1982 et
431 1931 484 1981 in
523 1929 860 2002 Geographia
898 1931 984 1982 sua
1026 1929 1213 1981 urbem
1250 1928 1501 1980 Sabiorum
1539 1942 1708 1989 vocat,
1747 1930 1799 1980 in

145 2045 244 2097 qua
265 2026 610 2097 septendecim
638 2027 813 2079 aeditui
840 2027 941 2078 illis
971 2027 1085 2088 sint,
1107 2027 1197 2078 ubi
1221 2039 1271 2078 et
1294 2026 1440 2077 collis
1464 2026 1613 2097 super
1639 2045 1799 2096 quem

142 2123 426 2175 oratorium
457 2124 597 2194 quod
629 2143 820 2195 magno
852 2124 991 2195 apud
1026 2123 1140 2174 illos
1178 2123 1229 2174 in
1262 2120 1460 2173 honore
1488 2122 1544 2173 fit
1563 2148 1579 2183 3
1621 2123 1799 2192 magni

142 2219 297 2271 etiam
325 2219 388 2270 ab
415 2220 512 2271 illis
541 2220 655 2272 fieri
682 2219 1001 2291 Pyramides,
1030 2231 1212 2290 utpote
1241 2237 1366 2289 quas
1394 2218 1624 2288 priorum
1653 2218 1799 2268 sectae

143 2316 240 2367 suae
260 2315 541 2368 authorum
563 2315 833 2388 sepulchra
856 2315 995 2367 credi
1016 2315 1218 2375 volunt,
1243 2314 1382 2366 Setln'
1403 2314 1614 2374 scilicet,
1640 2311 1796 2364 Edri-

137 2412 208 2480 si,
237 2424 289 2463 et
318 2410 485 2473 Sabim
526 2411 776 2464 festorum
806 2412 905 2463 illis
935 2411 1249 2483 praecipuum
1286 2409 1383 2462 effe
1425 2411 1565 2461 diem
1594 2428 1698 2480 quo
1726 2409 1797 2460 sol

144 2509 343 2580 fignum
379 2508 570 2560 Arietis
609 2508 916 2579 ingreditur.
985 2508 1117 2559 Haec
1154 2504 1465 2558 Abzt‘lFedcz.
1546 2505 1798 2557 Meminit

142 2606 300 2656 etiam
328 2603 692 2675 Shahrcstam‘us
718 2604 866 2656 sectae
891 2604 1021 2674 apud
1049 2603 1183 2675 ipsos
1212 2622 1370 2673 quam
1407 2615 1619 2681 ἆρῑϋςύὶ
1648 2603 1796 2652 Har-

140 2699 344 2770 bcznssas
368 2701 610 2771 appellat,
640 2701 730 2771 qui
766 2702 947 2752 Deum
974 2713 1026 2751 et
1064 2719 1228 2750 unum
1260 2712 1312 2750 et
1337 2699 1509 2768 plures
1539 2697 1795 2758 statuant3

140 2817 305 2849 unum
331 2797 528 2848 scilicet
555 2795 784 2857 effentia,
814 2797 987 2868 plures
1015 2808 1268 2866 quatenus
1306 2795 1354 2846 se
1392 2794 1623 2866 pluribus
1659 2793 1794 2844 indi—

141 2893 304 2944 viduis
333 2893 442 2944 visu
469 2892 909 2964 perceptibilibus,
933 2892 1074 2944 velut
1101 2892 1301 2963 septem
1328 2892 1562 2961 planetis,
1593 2908 1794 2941 necnon

140 3002 191 3040 et
218 2989 444 3060 personis
473 2989 813 3049 terrestribus,
843 2990 945 3040 &c.
987 2988 1145 3048 indat,
1175 2989 1227 3039 in
1254 2988 1442 3058 quibus
1471 2987 1519 3038 se
1548 2985 1791 3037 manifes-

140 3097 232 3145 tet,
272 3103 331 3136 ac
371 3085 636 3155 personam
680 3085 878 3145 induat,
925 3085 1052 3136 citra
1098 3096 1273 3135 tamen
1316 3084 1525 3134 unitatis
1570 3081 1793 3133 effentiae

1923 521 1929 527 .
2049 506 2101 527 ,0-

1850 558 1917 581 rcm
1935 547 2079 594 nestrum
2095 556 2126 582 et

1850 600 1967 636 Saheb
1998 601 2123 637 Hama

1849 654 2053 692 Abu'lFed.

1849 721 1936 745 anno
1955 720 2048 759 317.

1877 971 1899 993 ’ἓ
1922 971 1973 1006 At
1985 970 2121 1020 septies,

1847 1023 1958 1070 juxta
1978 1025 2109 1062 Abu'l-
