2498 3575
459 325 558 396 μ8
1262 327 1777 371 EXCERPTA

414 522 562 569 11451.
777 508 977 558 Colaibi
1017 507 1144 559 caedi
1184 505 1362 556 ansam
1399 505 1641 573 praebuit,
1669 505 1808 573 quod
1847 504 2011 554 homo
2036 502 2248 571 quidam
2275 519 2341 552 ex

704 602 995 671 Djarmitis,
1042 601 1180 668 apud
1225 601 1441 650 amitam
1493 598 1705 668 Djafl'afi
1750 597 2074 648 domicilium
2118 595 2339 647 habuit:

705 697 858 765 hujus
888 695 1116 745 mulieris
1145 711 1339 744 nomen
1368 693 1466 744 fuit
1494 691 1714 743 Basousa
1736 690 1841 742 filia
1863 689 2140 750 Monkadi‚
2159 689 2341 739 Temi-

707 789 863 841 mitis.
930 788 1205 857 Djarmitae
1233 788 1302 837 illi
1332 787 1530 837 camela
1558 795 1667 836 erat
1694 803 1810 853 quae
1843 781 2109 835 Scharaba
2135 783 2340 834 diceba-

673 902 676 913 ·
707 895 791 934 tur
812 905 822 934 :
867 884 1002 933 hanc
1026 900 1146 932 cum
1169 880 1367 931 vidiffet
1387 880 1632 931 Colaibus
1659 879 1713 929 in
1739 879 1968 946 quodam
1990 877 2180 945 pascuo
2201 877 2344 944 quod

706 978 797 1028 fibi
824 976 1168 1027 reservaverat
1194 975 1512 1042 pascentem,
1540 973 1735 1043 sagittis
1761 990 1876 1023 eam
1911 972 2079 1039 petiit,
2105 980 2158 1021 et
2183 971 2345 1021 ubera

706 1073 815 1141 ejus
850 1071 1022 1139 rupit:
1074 1069 1272 1120 camela
1311 1069 1376 1119 ad
1415 1069 1600 1119 herum
1634 1067 1783 1117 suurn
1819 1065 2135 1135 Djarmitam
2175 1065 2343 1125 rediit,

708 1183 866 1234 quam
887 1165 1211 1215 vulneratam
1234 1162 1575 1230 conspiciens,
1598 1149 1840 1229 injuriam
1864 1160 1957 1211 fibi
1979 1159 2174 1210 illatam
2197 1177 2345 1229 mag-

712 1261 789 1310 nis
828 1258 1143 1309 clamoribus
1176 1257 1382 1325 questus
1415 1257 1521 1307 est:
1566 1255 1807 1316 Basousa,
1843 1254 1934 1305 ubi
1974 1272 2096 1305 eum
2129 1254 2345 1315 audivit,

712 1371 926 1404 inanum
957 1352 1109 1420 super
1134 1359 1292 1420 caput
1313 1350 1463 1400 suum
1491 1351 1788 1418 imponens,
1810 1348 2138 1410 exclamavit,
2161 1347 2209 1399 O
2235 1366 2346 1399 rem

712 1447 1029 1505 nefandam;
1073 1444 1316 1496 causama
1342 1443 1558 1513 hospitis
1593 1443 1667 1493 sui
1702 1442 1977 1512 Djarmitae
2013 1460 2206 1512 nempe
2241 1441 2348 1493 sus-

712 1542 949 1610 cipiens:
1002 1539 1259 1609 Djafl'asus
1300 1539 1493 1606 itaque,
1538 1538 1880 1605 compellatus
1923 1545 1983 1587 ut
2026 1537 2202 1588 amitae
2246 1536 2348 1587 suae

712 1635 963 1686 auxilium
1003 1633 1178 1694 ferret,
1216 1633 1280 1683 ad
1322 1631 1599 1682 Colaibum
1640 1632 1933 1702 progrefl'us
1972 1632 2074 1692 est;
2120 1648 2349 1699 cumque

714 1730 860 1780 illum
896 1728 1081 1787 solum,
1110 1728 1164 1777 in
1201 1727 1318 1777 loco
1350 1744 1508 1794 quem
1546 1725 1638 1776 fibi
1670 1726 2030 1786 reservaverat,
2059 1725 2347 1786 invenisset,
2415 1729 2417 1731 ’

713 1824 819 1875 ictu
846 1823 1001 1874 hastae
1028 1839 1149 1873 eum
1178 1821 1431 1872 confodit.

786 1916 973 1968 Occiso
1006 1916 1242 1975 Colaibo‚
1270 1914 1487 1966 surrexit
1519 1913 1677 1965 frater
1713 1916 1823 1984 ejus
1850 1913 2188 1965 Mohalhelus
2214 1914 2350 1964 filius

716 2012 910 2072 Rebiae,
937 2011 1029 2062 filii
1064 2009 1304 2070 Harethi,
1329 2007 1659 2076 colle6³dsque
1691 2007 2084 2079 Taglebitarum
2122 2007 2349 2069 familiis,

715 2125 836 2157 cum
879 2105 1098 2156 Becritis
1137 2103 1433 2173 congressus
1472 2104 1560 2164 est,
1596 2103 1866 2172 multaque
1904 2103 2041 2154 inter
2078 2120 2167 2154 eos
2205 2103 2352 2155 fuere

714 2201 905 2270 praelia.

788 2296 1022 2346 Primum
1065 2293 1306 2344 omnium
1350 2292 1540 2343 dicitur
1578 2291 1708 2342 Dies
1748 2289 2020 2342 Anbarae:
2071 2291 2154 2341 die
2197 2291 2352 2361 hujus

717 2389 878 2457 praelii
904 2405 1087 2458 greges
1114 2387 1228 2437 suos
1256 2386 1430 2437 secum
1456 2387 1723 2436 habebant
1748 2407 1758 2437 :
1800 2385 1892 2436 fibi
1913 2386 2138 2436 invicem
2167 2403 2351 2436 occur-

718 2492 896 2533 rerunt
922 2499 1083 2550 prope
1109 2498 1298 2548 aquam
1326 2498 1444 2548 quae
1466 2479 1627 2550 Nahy
1649 2480 1853 2530 dicitur.
1904 2478 2191 2550 Taglebitis
2216 2497 2351 2547 prae-

716 2587 825 2628 erat
867 2575 1221 2634 Mohalhelus,
1262 2554 1479 2623 Becritis
1518 2573 1796 2624 Schaibani
1833 2573 2045 2641 posteris
2086 2572 2352 2624 Harethus

718 2672 853 2722 filius
880 2669 1093 2728 Morrae,
1121 2668 1280 2718 frater
1304 2666 1531 2736 Djaffafi.
1608 2666 1897 2736 Taglebitae
1924 2667 2147 2717 vietores
2171 2667 2352 2735 praelio

719 2763 1057 2822 excesserunt,
1092 2761 1268 2812 occifis
1302 2760 1522 2811 Becritis
1549 2760 1925 2828 complurimis.
1978 2760 2155 2811 Postea
2180 2760 2353 2811 rursus

383 2895 390 3045 ι
688 2949 695 3046 ἲ
774 2975 788 2992 ²
816 2971 859 3006 In
880 2969 1004 3005 codice
1024 2968 1159 3016 legitur
1176 2963 1359 3034 gayssxn
1381 2961 1514 3027 [gl-³33
1535 2964 1803 3027 Q-Forte
1814 2969 2011 3019 legendum
2033 2962 2161 3020 ung-m]
2183 2968 2237 3006 vel
2254 2968 2369 3006 aliud-

385 3046 389 3068 '
689 3049 694 3126 l

384 3077 390 3095 0,

722 3063 834 3111 quid:
866 3069 960 3099 certe
990 3058 1119 3098 Q
1150 3062 1210 3097 vix
1231 3061 1315 3098 ferri
1335 3061 1429 3111 poffe
1448 3061 1607 3098 videtur.
1656 3060 1748 3097 Cod.
1770 3060 1859 3097 Vat.
1881 3061 1988 3097 habet
2011 3075 2145 3098 uum
2161 3082 2172 3093 ·
