2498 3575
686 291 798 333 EX
857 291 1401 338 ABULFEDA.

289 468 414 516 Cum
448 471 505 516 ad
537 485 649 517 eum
682 472 877 528 accedis,
903 472 1035 520 illum
1060 475 1186 521 vides
1214 476 1387 539 gaudio
1415 476 1722 535 exultantem,
1749 479 1875 541 quafi

361 563 453 626 ipse
479 581 505 610 a
530 573 576 611 te
600 566 829 629 acciperet
855 565 968 612 illud
993 568 1121 629 quod
1146 568 1202 614 ab
1228 584 1285 614 eo
1310 570 1443 632 petis.

212 652 392 704 Postea
427 653 723 706 Issamieam
757 657 1071 727 religionem
1111 659 1387 727 amplexus
1424 661 1497 711 est
1533 659 1760 720 Hasnus,
1789 661 1873 712 sed

211 748 401 800 deinde
427 751 493 800 ab
520 768 581 801 ea
607 751 818 802 defecit.

285 842 436 895 Inter
459 845 669 897 Abfitas
695 856 750 897 et
775 845 1151 917 Dhobyanitas
1177 851 1380 919 gestum
1408 852 1480 902 est
1510 851 1703 903 bellum
1733 854 1875 920 quod

209 938 412 1009 Dahesz'
449 939 640 992 bellam
679 942 888 993 dicitur.
968 942 1209 995 Dahesus
1252 964 1450 996 nomen
1491 948 1562 998 est
1593 948 1733 1015 equi,
1771 967 1875 1016 quo

206 1035 283 1086 uli
319 1035 439 1087 sunt
474 1046 534 1088 ut
567 1038 633 1088 de
667 1038 846 1089 cursus
882 1039 1161 1090 velocitate
1196 1041 1334 1091 inter
1367 1041 1418 1091 se
1453 1043 1870 1094 contenderent:

207 1132 360 1183 cursu
386 1150 511 1183 vero
538 1133 769 1202 peraeto,
801 1134 938 1185 inter
963 1153 1053 1185 eos
1082 1153 1190 1185 non
1218 1136 1471 1186 convenit
1499 1136 1626 1186 utris
1653 1137 1872 1188 vieloria

2014 291 2115 368 565'

207 1228 497 1298 obtigifi'et:
535 1230 677 1280 unde
705 1239 882 1280 ortum
910 1230 982 1280 est
1009 1230 1208 1281 bellum
1237 1232 1381 1298 quod
1408 1249 1501 1298 per
1527 1232 1874 1302 quadraginta
1943 1250 1981 1286 P.
2003 1250 2095 1297 486.

205 1341 374 1374 annos
402 1324 540 1375 inter
566 1326 660 1376 has
687 1325 912 1376 familias
938 1326 1142 1395 gestum
1170 1326 1257 1376 est.
1313 1324 1356 1375 E
1383 1325 1744 1395 Dhobyanitis
1772 1327 1872 1378 fuit

205 1419 413 1470 illustris
440 1431 598 1489 poeta
624 1420 863 1491 Nabega,
890 1420 1256 1489 Dhobyanita.

278 1513 324 1565 E
370 1515 583 1566 familiis
623 1515 939 1567 Kaifitarum
980 1516 1101 1566 sunt
1141 1516 1235 1566 filii
1274 1515 1523 1577 Odwani,
1565 1517 1658 1567 filii
1697 1518 1869 1576 Amri,

201 1609 298 1660 filii
321 1609 674 1673 Kais-Ajlani,
699 1611 790 1679 qui
810 1611 996 1681 Tayefi
1017 1611 1192 1662 sedem
1221 1611 1490 1662 habebant
1511 1621 1635 1662 ante
1655 1611 1869 1663 Thake-

201 1705 352 1766 fitas;
396 1707 464 1757 ad
502 1706 641 1757 hanc
677 1706 910 1758 Odwani
943 1706 1201 1758 familiam
1238 1707 1470 1775 pertinet
1503 1705 1869 1759 Dhoulaibaus

199 1799 506 1863 Odwanita‚
533 1811 708 1870 poeta.

272 1895 360 1948 De
393 1897 513 1948 filiis
551 1897 691 1949 Kaifi
728 1898 823 1949 filii
858 1897 1127 1958 Modhari,
1156 1897 1246 1966 qui
1274 1898 1338 1947 ad
1366 1897 1642 1965 prophetae
1673 1915 1866 1967 genea-

197 1991 396 2062 logiam
444 2011 556 2044 non
600 1994 892 2063 pertinent,
939 1994 1055 2044 haee
1098 2001 1249 2043 erant
1295 1992 1550 2043 dicenda:
1613 2010 1757 2043 nunc
1801 1994 1867 2043 ad

197 2086 451 2157 Elyasum
479 2089 731 2140 Modhari
753 2089 923 2140 filium
948 2088 1197 2139 redimus.

273 2182 466 2253 Elyaso
503 2185 598 2235 filii
641 2185 859 2235 fuerunt
901 2183 1174 2243 Modreea,
1213 2183 1305 2251 qui
1344 2182 1523 2232 locum
1565 2183 1772 2234 obtinet
1808 2184 1863 2233 in

196 2277 510 2349 genealogia
544 2280 839 2348 prophetae,
879 2289 933 2329 et
973 2288 1120 2329 extra
1155 2279 1293 2328 hane
1331 2277 1717 2347 genealogiam,
1756 2278 1862 2329 Ta-

197 2374 390 2424 bekha.
471 2374 607 2424 Sunt
647 2375 738 2442 qui
777 2383 1066 2442 utrumque
1107 2373 1419 2424 Modrecam
1460 2382 1514 2423 et
1547 2373 1861 2424 Tabekham

198 2471 262 2520 de
290 2470 509 2521 nomine
537 2470 718 2520 matris
745 2487 931 2520 eorum
961 2468 1228 2535 Kleindq'fa
1251 2468 1504 2518 vocitant.
1559 2467 1735 2536 Hujus
1763 2487 1860 2519 no—

198 2583 322 2616 men
357 2565 459 2616 fuit
495 2565 658 2625 Leila,
691 2565 797 2615 filia
834 2563 1106 2623 Holwani‚
1134 2563 1228 2613 filii
1260 2563 1504 2623 Amrani,
1540 2563 1634 2613 filii
1659 2562 1858 2624 Alhafi,

194 2662 290 2712 filii
317 2660 574 2712 Kodhaae.
654 2659 857 2711 Omnes
884 2660 978 2709 filii
1004 2658 1177 2727 Elyafi
1203 2667 1372 2708 matre
1399 2658 1508 2708 nati
1536 2657 1656 2708 sunt
1685 2656 1858 2709 Rhin-

197 2755 336 2817 difa3
389 2758 455 2807 ad
491 2773 716 2824 eamque
754 2754 1072 2814 referuntur,
1107 2753 1270 2822 patris
1315 2753 1532 2803 nomine
1569 2754 1856 2820 praeterito,

195 2852 270 2902 ita
304 2861 365 2902 ut
402 2852 497 2903 filii
535 2850 810 2902 Khindifae
849 2850 1110 2910 dicantur,
1139 2866 1247 2899 non
1276 2866 1400 2898 vero
1427 2848 1521 2898 filii
1546 2847 1737 2917 Elyafi,
1765 2849 1858 2899 filii

200 2947 464 2999 Modhari.

269 3043 322 3093 A
345 3043 601 3094 Tabekha
637 3044 745 3112 qui,
774 3051 835 3093 ut
868 3041 1115 3101 diximus,
1143 3041 1198 3090 in
1238 3040 1545 3109 genealogia
1580 3039 1855 3107 prophetae

1892 3176 2176 3186 ,κὴ-
