2498 3575
658 301 767 341 EX
826 300 1369 343 ABULFEDA.

180 471 297 522 duis
340 470 697 523 indesinenter
732 481 971 535 vexatuS,
1017 492 1128 524 non
1169 481 1378 542 poterat
1426 491 1523 524 nec
1562 474 1628 524 ad
1668 472 1845 523 alvum

178 567 519 637 purgandum
560 567 818 629 secedere,
853 568 947 619 nisi
981 568 1177 619 feretro
1210 567 1486 637 impositus
1521 567 1845 620 deferretur:

179 680 283 730 qua
309 662 374 713 de
400 662 552 713 causa
578 662 948 715 Dhoal-awad
969 664 1141 715 dictus
1167 664 1256 714 est.

252 755 656 809 Dhoul-awado
696 758 820 809 huic
858 758 1095 810 succeffit
1130 757 1439 810 Abd-Kelal
1466 757 1850 810 Dhoul-awadi

178 852 335 913 filius,
374 870 606 921 moxque
644 853 916 916 TobbauS,
958 854 1097 905 filius
1137 853 1372 915 Hass'ani,
1409 854 1503 905 filii
1535 853 1848 914 Colaicarhi,

179 947 271 1016 qui
296 948 368 998 est
392 948 646 999 Tobbaus
675 948 867 1000 minor.
948 948 1054 1000 Hic
1082 948 1423 1000 successorem
1452 949 1641 1000 habuit
1663 948 1849 999 sororis

179 1042 284 1094 suae
306 1047 321 1064 ⁵
341 1043 511 1094 filium
540 1042 844 1095 Harethum
862 1043 1019 1095 Amri
1045 1044 1233 1105 filium,
1257 1044 1348 1112 qui
1373 1043 1707 1095 Judaismum
1735 1063 1849 1095 am—

180 1137 365 1206 plexus
405 1139 493 1189 est.
573 1138 691 1190 Post
729 1156 853 1190 eum
895 1157 987 1191 rex
1022 1139 1191 1190 factus
1224 1140 1298 1190 est
1336 1138 1643 1190 Morthidus
1680 1138 1851 1191 Kelali

158 1223 335 1285 'filius

253 1328 372 1380 Post
398 1330 543 1381 hunc
570 1330 626 1380 in
662 1331 856 1382 multas
881 1339 1057 1400 partes
1085 1330 1307 1382 divisum
1337 1332 1409 1382 est
1431 1348 1656 1401 regnum
1689 1329 1848 1381 Him-

177 1424 469 1495 yaritarum
497 1446 508 1476 ε
552 1426 642 1494 qui
668 1443 793 1476 vero
821 1426 944 1477 huic
972 1426 1027 1476 in
1055 1444 1221 1496 regno
1253 1426 1541 1477 succeffifle
1566 1426 1710 1477 fama
1736 1444 1849 1477 cre-

178 1521 352 1572 briore
370 1521 531 1572 dicitu
541 1539 580 1582 r,
598 1519 799 1572 Wakia
819 1521 921 1572 fuit
941 1521 1206 1572 Morthidi
1225 1522 1390 1573 filius:
1420 1522 1476 1572 in
1497 1523 1646 1591 cujus
1669 1522 1848 1572 locum

179 1634 306 1668 mox
332 1617 574 1687 regnavit
600 1617 819 1668 Abraha
846 1616 1077 1668 Sabbahi
1104 1617 1262 1678 filius,
1290 1617 1468 1686 postea
1493 1633 1619 1668 vero
1648 1616 1847 1668 Sahba-

179 1730 279 1763 nus
307 1713 447 1763 filius
474 1711 788 1764 Mohrithib.

252 1807 371 1859 Post
400 1807 708 1859 Sahbanum
737 1825 963 1878 regnum
993 1808 1203 1876 excepit
1228 1807 1428 1859 Amrus
1455 1808 1595 1859 filius
1620 1807 1846 1869 Tobbai,

178 1904 263 1954 cui
302 1903 543 1955 successit
575 1902 1118 1964 Dhou-schanatiruS,
1147 1912 1200 1954 et
1231 1904 1347 1972 post
1379 1903 1525 1953 hunc
1551 1901 1846 1954 Dhou-no—

178 1998 367 2050 wasus.
447 1997 553 2050 Hic
589 2016 777 2050 omnes
816 1998 907 2067 qui
946 1998 1184 2050 Judaicae
1220 1998 1464 2069 religioni
1498 2017 1697 2049 nomen
1725 2000 1848 2050 dare

178 2093 507 2156 recusabant,
552 2094 609 2145 in
654 2093 839 2144 foffam
885 2094 1072 2163 projici
1113 2094 1341 2163 jubebat
1385 2094 1509 2164 igne
1549 2095 1845 2156 ardentem,

177 2190 320 2240 unde
347 2190 520 2241 dietus
546 2187 793 2258 estfoffoe
819 2188 1072 2240 dominus.

249 2283 725 2336 Dhou-nowasum
741 2273 812 2334 'in
837 2301 1002 2354 regno
1026 2283 1236 2353 excepit
1262 2282 1733 2354 Dhou-djadanus,
1757 2285 1846 2353 qui

175 2380 396 2431 ultimus
423 2398 489 2430 ex
516 2378 833 2449 Himyaritis
861 2396 1088 2449 regnum
1117 2379 1308 2429 tenuit.
1387 2378 1478 2430 Bis
1506 2379 1651 2430 mille
1686 2389 1740 2430 et
1767 2380 1845 2431 vi-

173 2476 311 2546 ginti
348 2493 518 2526 annos
559 2475 701 2545 apud
735 2473 1065 2544 Himyaritas
1102 2491 1327 2543 regnum
1367 2474 1663 2525 remanfifi'e
1703 2475 1845 2526 fama

174 2572 281 2622 est:
329 2569 483 2641 [quot
504 2575 518 2593 ⁶
547 2588 673 2621 vero
708 2587 877 2621 annos
913 2568 1133 2638 quisque
1172 2586 1356 2620 eorum
1399 2570 1697 2639 regnaverit
1733 2589 1842 2621 non

231 2732 247 2750 ²
277 2728 548 2778 Autographus
580 2722 683 2764 &13⁸5
713 2727 818 2777 legit,
840 2726 991 2777 pun-ftis
1012 2726 1213 2763 diacriticis
1233 2727 1280 2763 ab
1301 2726 1380 2776 ipso
1398 2726 1601 2771 Abulseda,
1618 2733 1662 2763 ut
1682 2726 1842 2771 videtur,

176 2812 364 2862 appositis,
385 2818 420 2848 et
442 2812 494 2848 ita
515 2812 767 2849 Schultenfius
789 2811 918 2848 edidit.
978 2811 1022 2846 In
1043 2810 1168 2846 codice
1189 2810 1266 2860 615
1288 2810 1426 2860 legitur
1451 2804 1552 2847 ω’
1567 2832 1576 2841 ·

1085 2873 1105 2892 0
1132 2876 1150 2892 3

227 2912 245 2938 b
276 2914 467 2952 Abulfeda
487 2915 635 2952 videtur
656 2914 826 2964 scripfiss‘e
847 2914 971 2963 primo
991 2920 1157 2966 azy-Suo
1172 2933 1186 2954 2
1211 2927 1298 2950 mox
1321 2927 1406 2951 vero
1426 2928 1502 2951 uno
1522 2914 1666 2965 puneio
1688 2913 1840 2950 inducto

172 3001 338 3051 §by-suo
371 2998 443 3047 legi
467 2997 631 3041 voluisse,
656 3004 691 3034 et
714 2998 765 3034 ita
788 2997 896 3033 habet
918 2996 1045 3033 Codex
1066 2996 1160 3045 615.

228 3077 242 3095 ⁰
276 3072 377 3109 Quae
397 3072 544 3108 uncinis
566 3070 707 3109 inclusa
731 3071 828 3116 sunt,
851 3072 887 3107 in
912 3071 1080 3121 margine
1100 3072 1238 3108 codicis
1264 3072 1490 3122 autographi
1521 3071 1682 3123 ascripta
1707 3073 1838 3122 legun·

1986 316 2087 368 503

1919 2191 1957 2229 P.
1980 2191 2074 2239 428,
