2498 3575
671 279 1378 329 EXABUL.FEDA.
1997 295 2100 349 557

205 457 498 528 malignum
544 459 610 509 ab
653 459 726 509 eis
765 467 1023 510 averteret
1042 471 1078 510 ².
1159 460 1244 511 Ob
1285 461 1337 511 id
1378 462 1536 531 igitur
1575 463 1744 514 die'tus
1783 464 1854 514 est

205 551 682 623 Saad-alascleira]
731 552 883 605 Rami
911 554 1030 605 sunt
1056 573 1085 605 e
1112 556 1229 606 filiis
1258 556 1701 618 Saad-alaschirae,
1720 557 1853 627 Djo-

201 646 284 697 fus
306 655 359 698 et
388 646 672 708 Zobeidus,
694 649 835 698 unde
857 649 1115 719 originem
1139 650 1324 701 habuit
1351 651 1548 702 Amrus
1576 653 1711 703 filius
1734 653 1853 703 Ma-
2207 623 2212 771 Ι

198 742 471 793 adi—carbi.
519 741 563 793 E
591 744 747 794 ramis
771 742 1262 814 Modhhadjitarum
1288 746 1407 797 sunt
1429 747 1586 798 etiam
1614 747 1853 798 Nokhai-

200 846 285 898 tae,
322 854 351 888 e
391 838 581 906 quibus
621 847 767 889 ortus
807 839 879 889 est
917 838 1225 902 AschtaruS‚
1263 859 1441 892 comes
1481 842 1696 909 apostoli
1734 841 1853 903 Dei,
2207 777 2212 912 Ι

197 942 251 982 et
284 950 410 983 mox
441 933 549 983 Alii
582 934 675 984 filii
709 933 1069 986 Aboutalebi:
1114 934 1403 986 Aschtarus
1440 955 1636 987 nomen
1671 937 1854 987 habuit

198 1026 468 1078 Malecum
509 1028 675 1079 filium
713 1027 956 1080 Harethi.
1035 1028 1079 1080 E
1106 1029 1389 1081 Nokhaitis
1423 1031 1523 1081 fuit
1559 1031 1717 1082 etiam
1758 1032 1852 1082 So·

197 1141 365 1174 nanus
405 1123 543 1174 filius
583 1123 763 1185 Anafi,
799 1143 829 1175 a
873 1144 980 1193 quo
1023 1125 1331 1177 interfeelus
1371 1127 1443 1177 est
1485 1126 1764 1188 Hosainus,
1801 1138 1853 1178 et
2208 1162 2211 1191 ,

193 1216 227 1269 J
232 1219 367 1269 udex
396 1218 731 1270 Schoraikus.
804 1218 890 1270 Ad
921 1219 1320 1290 Modhhadjitas
1348 1239 1560 1290 quoque
1585 1222 1854 1290 pertinent
2207 1217 2212 1293 Ι

196 1313 395 1365 Anfitae
426 1313 601 1385 (cujus
641 1314 872 1365 nominis
911 1314 1137 1366 secunda
1169 1316 1317 1366 litera
1343 1317 1414 1367 est
1442 1314 1626 1385 Noun)
1655 1317 1853 1368 familia
2207 1304 2211 1376 i

197 1409 492 1478 impostoris
518 1409 753 1470 Aswadi,
777 1410 867 1478 qui
894 1410 948 1460 in
974 1409 1215 1461 Yemana
1241 1429 1336 1479 pro
1363 1412 1622 1479 propheta
1649 1411 1698 1462 se
1723 1430 1852 1462 ven-

196 1505 414 1565 ditavit3
457 1514 511 1555 et
555 1505 801 1556 Ammari
846 1505 938 1556 filii
983 1505 1224 1567 Yaseri*,
1272 1506 1362 1574 qui
1404 1506 1646 1575 apostolo
1678 1505 1781 1557 Dei
1824 1525 1853 1557 e
1880 1520 1952 1607 '1ae
1977 1518 2016 1555 P.
2040 1527 2131 1568 477·

1919 1601 1925 1607 .
1953 1584 2010 1609 10.
2033 1586 2099 1622 pro

196 1599 483 1650 comitibus
510 1598 633 1651 fuit,
1899 1638 1993 1694 043
2024 1647 2103 1696 iege

1896 1711 2027 1770 >ml-2.-

271 1789 472 1844 Quarta
498 1791 665 1842 tribus
692 1790 1111 1852 Cahlanitarum,
1137 1790 1521 1852 HAMDANJTAE,
1543 1800 1726 1843 autore
1751 1792 1852 1842 orti

196 1885 318 1937 sunt
353 1885 535 1947 Rebia‚
569 1887 680 1937 filio
719 1886 987 1956 Hayyani,
1030 1887 1123 1937 filii
1163 1885 1376 1947 Maleci,
1417 1886 1512 1937 filii
1552 1886 1719 1948 Zeidi,
1760 1887 1852 1938 filii

196 1980 437 2043 Cahlani,
478 1999 776 2051 magnaque
816 1981 957 2032 fama
998 1991 1113 2032 tum
1146 1990 1288 2042 ante,
1324 1990 1438 2031 tum
1478 1982 1592 2050 post
1632 1980 1852 2033 Issamis-

196 2095 347 2128 mum
374 2076 753 2128 inclaruerunt.

270 2267 536 2323 Quintum
575 2268 753 2319 locum
792 2268 930 2319 inter
967 2266 1365 2318 Cahlanitarum
1398 2266 1562 2317 tribus
1589 2275 1854 2334 occupant

196 2362 492 2422 KENmTAE,
517 2363 707 2431 posteri
732 2363 952 2423 Thauri,
976 2364 1123 2432 cujus
1146 2380 1344 2412 nomen
1372 2361 1474 2412 fuit
1501 2360 1689 2412 Kenda
1715 2361 1851 2412 filius

196 2458 382 2520 Ofairi,
405 2458 498 2510 filii
526 2457 751 2509 Harethi
777 2475 806 2508 e
831 2458 1046 2526 posteris
1075 2456 1223 2507 Zeidi
1248 2457 1339 2507 filii
1368 2456 1607 2506 Cahlani.
1663 2455 1853 2507 Kenda

196 2554 315 2605 ideo
355 2554 525 2605 dietus
564 2552 683 2613 fuit,
723 2553 845 2621 quia
882 2552 1042 2620 patris
1082 2551 1158 2602 sui
1196 2551 1453 2602 beneficia
1491 2568 1616 2621 erga
1653 2550 1704 2601 se
1742 2569 1852 2601 non

195 2649 447 2719 agnovit:
498 2647 745 2699 Kenditae
786 2647 1058 2718 regionem
1096 2647 1352 2698 Yemanae
1392 2646 1695 2697 incolebant
1735 2663 1852 2714 quae

195 2744 369 2795 vicina
400 2744 472 2794 est
505 2742 928 2794 Hadhramauto.
1005 2740 1090 2793 De
1117 2743 1325 2813 regibus
1353 2739 1704 2792 Kenditarum
1739 2741 1849 2791 dic-

252 2906 267 2924 ¹
295 2901 458 2939 Nolebat
488 2900 624 2938 scilicet
652 2901 784 2943 dicere,
816 2899 907 2937 Sunt
920 2899 997 2946 filii
1025 2901 1087 2937 mei
1109 2909 1140 2937 et
1166 2908 1305 2951 nepotes,
1327 2914 1371 2937 ne
1394 2900 1446 2937 ita
1467 2900 1648 2937 invidiam
1673 2906 1849 2942 moveret,

197 2976 368 3026 oculique
391 2976 548 3026 maligni
569 2975 829 3013 fascinationes
849 2975 886 3012 in
907 2989 965 3012 eos
986 2984 1213 3026 provocaret.
1256 2976 1350 3013 Haec
1373 2990 1457 3026 quae
1477 2976 1626 3013 uncinis
1645 2976 1810 3021 distinxi,
1828 2989 1849 3013 a

196 3051 321 3088 codice
339 3051 409 3089 San
415 3051 644 3101 germanensi
665 3049 811 3087 absunt.
