2498 3575
413 346 513 398 502

1218 319 1735 365 EXCERPTA

654 498 808 567 supra
847 497 973 549 diffi
1010 497 1165 554 filius,
1193 496 1294 557 vel,
1322 503 1382 546 ut
1408 495 1494 545 alii
1520 494 1766 553 afferunt,
1793 492 1930 543 filius
1954 489 2185 549 Afrikifi,
2211 488 2306 540 filii

654 593 886 643 Abrahae
906 591 1349 650 Dhoul-menari;
1378 590 1490 658 post
1509 606 1668 657 quem
1691 588 1976 656 imperium
1994 586 2214 653 adeptus
2235 584 2307 634 est

655 686 1038 738 Aboumalicus
1078 685 1348 736 Schamari
1385 684 1542 743 filius,
1567 692 1620 733 et
1660 682 1850 732 deinde
1875 681 2144 731 Amranus
2170 679 2307 730 filius

655 782 840 832 Ameri
855 780 1064 832 Azdita.
1125 779 1395 830 Amranus
1424 778 1508 828 ille
1531 778 1668 828 filius
1687 776 1787 827 fuit
1803 775 2006 835 Ameri,
2026 774 2119 825 filii
2139 773 2308 824 Hare-

656 877 782 937 thae,
800 875 893 926 filii
914 873 1262 933 Amrialkaifi,
1280 873 1372 923 filii
1391 873 1662 931 Thalebae,
1682 871 1772 922 filii
1793 870 2025 930 Mazeni,
2041 869 2134 920 filii
2153 869 2308 930 Azdi,

656 971 750 1021 filii
766 970 982 1030 Gauthi,
1004 968 1097 1019 filii
1115 968 1328 1026 Nabeti,
1353 967 1446 1017 filii
1465 965 1678 1027 Maleci,
1698 966 1791 1016 filii
1813 964 2004 1025 Ododi‚
2027 964 2120 1015 filii
2142 963 2309 1025 Zeidi,

657 1065 747 1116 filii
761 1064 1001 1124 Cahlani,
1014 1063 1106 1113 filii
1127 1062 1292 1114 Sabae.
1322 1061 1398 1112 Ea
1420 1062 1578 1131 igitur
1598 1061 1905 1128 tempestate
1922 1060 2149 1129 dignitas
2168 1059 2311 1129 regia

659 1159 902 1210 transsata
913 1159 984 1208 est
1000 1176 1029 1208 a
1040 1157 1294 1227 progenie
1313 1155 1559 1225 Himyari
1581 1155 1674 1206 filii
1695 1155 1843 1205 Saba?
1860 1155 1924 1205 ad
1944 1154 2079 1205 filios
2089 1153 2311 1204 Cahlani

657 1253 889 1322 ejusdem
919 1252 1068 1303 Sabae
1095 1252 1207 1302 filii.
1268 1249 1396 1301 Erat
1422 1259 1599 1302 autem
1630 1249 1900 1300 Amranus
1927 1249 2013 1299 ille
2040 1248 2287 1300 hariolus.

732 1348 849 1399 Post
884 1348 1028 1398 hunc
1065 1347 1305 1416 regnavit
1338 1345 1449 1415 ejus
1475 1344 1636 1396 frater
1658 1343 1928 1394 Mozaikia
1953 1343 2151 1394 Amrus
2177 1343 2314 1394 filius

657 1443 840 1494 Arneri
869 1441 1085 1493 Azdita:
1122 1440 1404 1491 Mozaikiae
1433 1457 1631 1490 nomen
1659 1440 1706 1489 ei
1735 1440 1936 1496 datum,
1961 1439 2083 1506 quia
2102 1438 2315 1508 singulis

659 1538 842 1588 diebus
880 1537 1076 1587 vestem
1116 1553 1307 1585 novam
1348 1535 1618 1595 induebat,
1660 1552 1837 1602 quam,
1877 1533 1969 1584 ubi
2009 1533 2314 1584 cubiculum

659 1632 810 1683 suum
839 1632 1033 1681 intrare
1057 1630 1286 1690 volebat,
1312 1629 1639 1699 projiciebat,
1666 1629 1945 1697 statimque
1970 1628 2313 1689 lacerabatur,

662 1745 729 1778 ne
755 1727 1002 1794 cuiquam
1030 1726 1144 1793 post
1170 1725 1340 1793 ipsum
1367 1724 1548 1774 liceret
1574 1741 1690 1774 eam
1719 1723 1954 1774 induere.

736 1819 840 1871 Hic
884 1819 1127 1871 desinunt
1165 1837 1284 1887 quae
1324 1836 1391 1869 ex
1432 1819 1567 1868 libro
1607 1817 1728 1868 Ebn
1769 1817 1907 1868 Saidi
1946 1817 2186 1868 Africani
2224 1819 2313 1868 de-

662 1915 871 1983 sumpta
897 1914 1033 1965 sunt.
1115 1913 1419 1981 Sequuntur
1451 1920 1698 1981 excerpta
1723 1930 1788 1963 ex
1813 1912 2066 1964 chronico
2093 1911 2315 1964 Hamzae

665 2008 1031 2060 Isfahanenfis.

739 2104 855 2154 Post
893 2103 1333 2154 Abou-malicum
1374 2102 1644 2152 Schamari
1679 2102 1866 2160 filium,
1895 2111 1947 2152 et
1978 2111 2101 2153 ante
2125 2102 2317 2154 Amra—

666 2216 796 2248 num
824 2198 1072 2248 Azditam
1102 2214 1325 2266 regnum
1353 2198 1572 2264 adeptus
1599 2196 1846 2247 Akranus
1872 2197 2102 2266 ejusdem
2129 2197 2316 2262 Abou-

667 2291 1015 2351 malicifilius3
1037 2292 1122 2341 cui
1141 2290 1914 2342 succeffichou-habschanus
1936 2291 2139 2343 Akrani
2160 2293 2316 2354 filius,

666 2388 755 2456 qui
796 2388 851 2437 in
884 2385 1134 2437 Tasmum
1175 2394 1229 2436 et
1264 2384 1538 2455 Djadisum
1579 2386 1924 2436 vehementer
1958 2387 2030 2436 est
2063 2386 2315 2438 inveeffls.

668 2482 784 2532 Post
817 2482 961 2531 hunc
998 2480 1239 2549 regnavit
1276 2479 1437 2534 frater
1467 2480 1578 2549 ejus
1611 2479 1879 2541 Tobbaus,
1918 2480 2122 2531 Akrani
2162 2481 2316 2540 filius,

670 2595 795 2626 mox
840 2575 1177 2626 Colaicarbus
1219 2574 1358 2624 filius
1402 2574 1625 2633 Tobbai‚
1672 2584 1726 2624 et
1771 2574 1960 2625 deinde
2005 2575 2318 2626 Abou-carb

670 2671 891 2729 Asadus‚
920 2670 1009 2738 qui
1033 2670 1282 2720 Tobbaus
1310 2669 1513 2719 medius
1540 2669 1745 2719 dicitur.
1825 2668 1966 2719 Huic
2003 2670 2173 2721 occiso
2205 2670 2319 2721 suc-

674 2765 820 2816 ceffit
845 2765 982 2815 filius
1010 2763 1288 2823 Haffanus,
1316 2772 1369 2813 et
1395 2763 1445 2812 in
1475 2763 1635 2831 patris
1661 2763 1867 2813 Tobbai
1893 2764 2213 2831 percussores
2239 2765 2320 2815 in-

673 2860 853 2911 vastus
887 2860 953 2909 ad
989 2858 1239 2908 ultimum
1273 2875 1362 2907 eos
1395 2857 1618 2907 necavit.
1700 2855 1815 2924 Ipse
1839 2875 1964 2908 vero
1990 2876 2021 2908 a
2046 2857 2205 2909 fratre
2231 2858 2321 2910 suo

675 2954 844 3004 Amro
873 2953 980 3004 filio
1005 2952 1053 3002 T
1056 2951 1211 3002 obbai
1238 2951 1436 3001 occisus
1462 2952 1550 3001 est.

749 3045 947 3097 Amrus
974 3045 1125 3096 occisl
1152 3044 1323 3096 fratris
1350 3045 1525 3095 locum
1555 3045 1849 3112 occupavit,
1879 3045 2176 3114 morbisque
2208 3048 2321 3098 affi-
