2498 3575
438 331 543 382 524

339 1667 345 1858 i

403 1938 426 1961 ’χ’
449 1936 571 1972 Plures

358 1989 494 2053 iversus
515 1987 649 2025 Aschae

359 2043 441 2091 :qui
462 2044 531 2078 huc
550 2055 630 2091 per-

362 2097 510 2137 tinent,
530 2096 612 2131 vide

361 2144 475 2197 *apud
492 2149 572 2196 jam

361 2202 569 2238 'laudatum

380 2257 567 2303 Aggaeum

362 2307 567 2353 ¹Haiffma,

362 2372 556 2461 Πὶῖἓζὲ.

364 2557 368 2585 ι

365 2589 369 2626 ¹.

366 2631 370 2680 l

1244 314 1753 357 EXCERPTA

678 495 781 545 lem
815 495 940 544 adiit
972 493 1238 543 Harethus
1265 492 1401 542 filius
1429 490 1804 542 Abou-samari
1845 489 2127 549 Gaffanita,
2160 496 2320 556 atque

677 590 741 639 ab
782 606 845 638 eo
886 587 1036 655 petiit
1076 586 1261 636 loricas
1301 585 1674 645 Amrial-kaifi,
1712 584 1994 651 omniaque
2026 600 2143 650 quae
2181 581 2322 649 apud

677 699 798 731 eum
835 681 1128 748 reliquerat.
1209 678 1373 729 Erant
1407 688 1584 729 autem
1622 678 1796 728 loricae
1831 685 2046 727 centum
2080 693 2319 726 numero.

680 774 947 825 Haretlius
970 774 1238 841 captivum
1262 772 1455 822 fecerat
1479 771 1734 822 Samuelis
1760 771 1948 830 filium,
1978 769 2323 838 Samueleque

681 878 934 918 renuente
984 884 1063 917 res
1114 865 1471 916 Amrial-kaifi
1534 864 1735 932 petenti
1799 863 2038 915 Haretho
2088 864 2322 914 tradere:

681 971 713 990 “
742 962 853 1012 Aut
877 979 994 1029 quae
1017 970 1140 1028 peto
1169 959 1299 1009 mihi
1327 960 1514 1019 trades,
1539 959 1710 1026 inquit
1735 957 2021 1018 Harethus,
2042 966 2130 1008 aut
2156 957 2323 1008 filium

682 1065 713 1084 “
745 1065 895 1106 tuum
944 1053 1310 1104 interficiam.’'
1378 1052 1617 1102 Samuele
1660 1051 2005 1102 nihilominus
2046 1051 2231 1102 loricas
2276 1049 2328 1102 se

682 1150 995 1200 traditurum
1022 1156 1264 1216 negante,
1289 1146 1486 1196 occisus
1509 1147 1580 1196 est
1602 1164 1779 1196 coram
1807 1163 1870 1195 eo
1895 1145 2033 1196 filius
2059 1144 2200 1215 ejus:
2228 1144 2327 1196 hac

683 1242 950 1293 occasione
978 1240 1186 1291 Samuel
1214 1257 1427 1290 carmen
1455 1240 1603 1300 dixit,
1631 1240 1778 1309 cujus
1805 1238 1925 1290 sunt
1950 1239 2006 1289 hi
2030 1237 2238 1290 versus:

760 1344 980 1391 Fidelitcr
1004 1343 1170 1388 servavi
1194 1341 1357 1387 loricas
1384 1342 1602 1388 Kenditae
1624 1360 1634 1387 :
1671 1342 1834 1404 utique
1863 1357 1952 1405 ego
1985 1342 2120 1389 timui
2146 1341 2330 1405 vitupe-

830 1437 912 1492 ria,
939 1452 1047 1498 quae
1075 1435 1122 1480 in
1146 1450 1224 1480 me
1251 1433 1549 1481 contuliffent
1574 1434 1805 1480 homines.

764 1529 987 1595 Quodam
1011 1529 1086 1574 die
1108 1528 1200 1574 hoc
1224 1535 1510 1590 praeceptum
1535 1527 1663 1573 dedit
1686 1526 1801 1572 mihi
1827 1526 1975 1572 Adia:
2002 1529 2034 1551 “
2055 1526 2101 1572 O
2127 1523 2331 1582 Samuel,

835 1626 865 1645 “
892 1621 986 1666 noli
1012 1621 1241 1667 destruere
1270 1619 1383 1666 illud
1407 1618 1535 1682 quod
1558 1634 1647 1682 ego
1672 1617 1937 1664 aedificavi.''

689 1716 862 1785 Hujus
889 1724 1108 1766 eventus
1137 1714 1463 1764 mentionem
1491 1712 1617 1763 facit
1641 1712 1834 1773 Ascha,
1862 1712 1943 1763 his
1967 1711 2138 1763 verbis
2163 1732 2177 1762 ε

762 1819 873 1866 Esto
909 1818 1027 1864 ficut
1066 1816 1270 1873 Samuel,
1312 1816 1502 1878 quando
1537 1831 1644 1861 eum
1683 1815 1843 1861 invasit
1877 1831 1955 1861 rex
1990 1813 2334 1878 potentiffimus

835 1911 1040 1957 exercitu
1066 1911 1252 1972 stipatus
1276 1908 1433 1966 densO,
1459 1907 1577 1954 ficut
1602 1907 1797 1971 nigredo
1822 1907 1975 1953 noctis
1996 1926 2006 1953 t

763 2001 1013 2049 Paululum
1051 2000 1184 2047 haefit
1223 2000 1419 2046 dubius:
1471 2016 1581 2045 mox
1620 1999 1766 2045 dixit:
1822 2003 1853 2023 “
1880 1999 2058 2046 Occide
2098 1999 2334 2062 captivum

839 2098 870 2118 “
896 2102 1049 2150 tuum,
1075 2110 1164 2157 ego
1187 2093 1404 2139 clientem
1432 2108 1591 2138 meum
1619 2092 1873 2137 tuebor*.''

692 2189 831 2240 Finis
857 2189 1079 2239 historiae
1106 2206 1287 2258 regum
1318 2186 1685 2238 Kenditarum.

1097 2396 1184 2448 De
1208 2394 1419 2465 diversis
1443 2394 1678 2447 Arabum
1703 2393 1926 2467 regibus.

770 2565 967 2614 Amrus
1002 2565 1138 2614 filius
1173 2553 1432 2633 Lohayyi,
1468 2563 1560 2614 filii
1595 2562 1864 2623 Harethae,
1899 2562 1993 2613 filii
2023 2561 2178 2612 Amri
2212 2561 2336 2613 Mo-

698 2658 896 2719 zaikiae‚
924 2658 1016 2708 filii
1049 2658 1251 2718 Ameri,
1279 2658 1371 2708 filii
1407 2656 1676 2717 Harethae,
1709 2657 1802 2707 filii
1835 2655 2211 2716 Amrial-kaifi‚
2244 2656 2338 2706 filii

696 2751 964 2812 Thalebae,
999 2752 1091 2802 filii
1124 2751 1356 2812 Mazeni,
1383 2751 1476 2802 filii
1508 2751 1646 2801 Azdi
1677 2768 1707 2801 e
1739 2750 1953 2818 posteris
1979 2749 2219 2810 Cahlani,
2245 2748 2339 2800 filii

700 2846 864 2896 Sabae.
930 2845 1127 2896 Amrus
1154 2846 1240 2896 hic
1265 2844 1506 2914 Lohayyi
1532 2845 1668 2895 filius
1694 2862 1784 2895 rex
1809 2843 1910 2895 fuit
1936 2843 2161 2913 Hidjazi,
2189 2859 2338 2913 mag·-

701 2957 935 3007 numque
975 2957 1172 2990 nomen
1216 2939 1402 2989 habuit
1446 2938 1757 3009 ignorantiae
1803 2937 2017 2989 saeculis.
2094 2936 2182 2988 Ad
2214 2954 2336 2987 eum

699 3050 863 3101 genus
897 3033 1045 3083 suum
1081 3032 1314 3083 referunt
1349 3031 1643 3093 Khozaitae,
1672 3032 1960 3100 dicuntque
1993 3031 2045 3082 se
2081 3031 2338 3101 originem
