2498 3575
672 295 781 335 EX
842 294 1384 336 ABULFEDA.

197 473 399 524 enslum
426 473 657 535 familiis,
685 474 774 542 qui
802 472 1011 543 dispersi
1043 474 1252 525 fuerant
1280 475 1348 525 ob
1376 474 1629 524 diluvium
1659 475 1849 535 Arimi,

197 576 251 619 et
276 568 623 620 consedissent
657 569 712 619 in
752 568 1107 620 Batn-Morro
1133 587 1299 638 prope
1326 569 1589 630 Meoeam,
1618 570 1686 620 ob
1714 571 1850 620 hanc

195 662 405 714 causam
442 662 674 714 Khozaae
713 681 909 714 nomen
945 663 1111 714 sortiti
1140 663 1277 724 sunt,
1305 664 1635 733 contigitque
1660 665 1732 714 eis
1760 666 1850 714 de-

194 757 333 808 lubri
361 756 602 808 Meccani
633 777 757 809 cura
783 767 836 808 et
862 757 1131 808 summum
1160 758 1459 826 imperium.
1539 758 1721 812 Quum
1758 777 1850 827 pa-

195 869 312 903 cem
341 852 538 903 feciffet
565 871 688 904 cum
719 852 1060 905 Koreischitis
1097 852 1505 903 Mohammedes
1532 871 1674 903 anno
1705 853 1850 904 Hod-

193 945 334 999 aibz‘a
360 947 519 1009 dieto,
549 947 718 999 foedus
752 966 874 999 cum
911 948 1145 1017 apostolo
1178 946 1281 998 Dei
1307 947 1591 998 sanxerunt
1620 947 1850 998 Khozai-

194 1050 281 1103 tae,
308 1043 753 1111 autoritatemque
779 1042 892 1111 ejus
918 1051 1269 1113 agnoverunt.
1348 1041 1432 1093 De
1463 1043 1665 1112 origine
1701 1041 1850 1092 Kho—

194 1137 451 1188 zaitarum
492 1156 601 1188 non
639 1138 890 1188 convenit
915 1156 983 1188 an
1009 1139 1074 1188 ad
1103 1137 1380 1196 Maaditas‚
1409 1155 1477 1187 an
1503 1155 1628 1188 vero
1653 1138 1719 1188 ad
1745 1137 1850 1188 Ye-

194 1231 470 1283 manenses
507 1232 825 1302 pertineant.
904 1232 1145 1300 Plerique
1172 1240 1350 1282 tamen
1378 1249 1467 1282 eos
1493 1250 1590 1301 pro
1616 1231 1850 1282 Yeman-

193 1327 402 1378 ensibus
428 1328 661 1388 habent;
703 1336 757 1378 et
794 1327 1002 1398 generis
1043 1326 1422 1378 Khozaitarum
1457 1328 1604 1397 origo
1630 1328 1695 1377 ad
1721 1327 1850 1378 Caa-

197 1423 322 1473 bum
364 1422 588 1473 refertur
625 1423 793 1474 filium
829 1422 1001 1483 Amri,
1029 1423 1122 1473 filii
1158 1422 1418 1491 Lohayyi,
1452 1423 1545 1473 filii
1581 1422 1849 1482 Harefflae,

193 1517 287 1569 filii
319 1517 475 1568 Amri
502 1517 801 1569 Mozaikiae.
882 1517 1179 1587 Suprajam
1211 1518 1413 1567 mentio
1440 1517 1576 1567 facta
1601 1518 1673 1567 est
1698 1516 1851 1567 Arnri

194 1611 494 1673 Mozaikiae,
522 1612 617 1663 filii
653 1612 859 1674 Ameri,
900 1612 992 1663 filii
1028 1612 1299 1673 Harethae,
1338 1612 1430 1662 filii
1472 1611 1849 1671 Amrial-kaifi‚

191 1707 286 1759 filii
323 1707 595 1768 Thalebae‚
630 1708 724 1758 filii
766 1707 995 1766 Mazeni,
1032 1707 1124 1758 filii
1164 1707 1321 1768 Azdi,
1358 1708 1412 1757 in
1453 1707 1625 1775 capite
1663 1717 1850 1775 quarto

191 1802 331 1853 inter
356 1820 504 1873 reges
529 1802 578 1853 T
580 1803 779 1854 obbaos
805 1802 1078 1854 Yemanae.

266 1896 382 1949 Nec
426 1898 636 1949 ceffavit
680 1898 884 1948 delubri
930 1897 1170 1948 Meccani
1221 1915 1362 1958 cura,
1410 1897 1696 1965 aedituique
1740 1896 1850 1966 ejus

194 2011 386 2045 munus
436 1993 490 2043 in
538 2012 700 2044 manu
746 1993 846 2043 effe
893 1992 1295 2053 Khozaitarum‚
1344 1993 1514 2042 donec
1563 1993 1629 2042 ad
1679 1992 1847 2041 virum

191 2089 458 2157 quendam
500 2088 818 2140 Khozaitam
861 2088 1090 2148 devenit,
1137 2086 1696 2138 Abou-Gabschanum
1741 2087 1849 2137 dic-

191 2195 327 2247 tum,
356 2185 446 2254 qui
475 2184 728 2254 Kosayyi,
757 2184 849 2234 filii
880 2183 1085 2244 Kelabi‚
1115 2201 1324 2234 coaevus
1352 2183 1467 2234 fuit.
1534 2182 1672 2233 Cum
1700 2182 1848 2232 simul

192 2299 313 2332 cum
354 2279 603 2349 Kosayyo
636 2279 823 2348 Tayefi
857 2279 980 2329 vino
1014 2279 1329 2348 indulgeret,
1365 2278 1534 2346 ipsum
1573 2277 1852 2328 inebriavit

194 2375 489 2446 Kosayyus,
519 2376 748 2443 doloque
785 2374 923 2433 usus,
957 2375 1090 2424 emit
1126 2374 1192 2424 ab
1229 2391 1293 2424 eo
1329 2373 1498 2423 claves
1533 2372 1658 2422 aedis
1696 2371 1849 2423 sacrae

189 2491 287 2541 pro
313 2482 429 2522 utre
456 2471 565 2522 vini
592 2492 602 2522 :
646 2471 797 2521 testes
828 2469 984 2538 paeto
1012 2469 1135 2519 huic
1162 2468 1283 2518 sunt
1308 2467 1547 2525 adhibiti,
1577 2465 1850 2533 clavesque

193 2567 442 2637 Kosayyo
476 2567 697 2627 traditae,
726 2566 816 2633 qui
851 2564 1019 2615 filium
1058 2563 1209 2613 suum
1246 2562 1416 2612 statim
1459 2579 1580 2612 cum
1618 2560 1850 2610 clavibus

190 2663 437 2714 Meccam
477 2661 753 2730 ablegavit.
842 2659 1192 2718 Abdaldarus,
1233 2657 1324 2706 ubi
1366 2657 1432 2706 ad
1477 2656 1615 2705 hanc
1661 2655 1846 2705 urbem

189 2759 450 2828 pervenit,
477 2757 583 2808 alta
608 2773 738 2806 voce
765 2754 1010 2805 clamavit
1037 2773 1047 2803 ε
1092 2761 1123 2780 “
1149 2752 1196 2802 O
1226 2750 1588 2810 Koreischitae,
1618 2750 1700 2800 hae
1728 2749 1848 2799 sunt

192 2862 225 2882 “
255 2854 427 2908 claves
473 2852 598 2903 aedis
641 2851 724 2901 avi
771 2850 921 2900 vestri
970 2847 1240 2898 Ismaelis:
1302 2863 1387 2897 eas
1431 2845 1580 2896 vobis
1626 2844 1847 2894 restituit

192 2957 225 2977 “
254 2947 420 3009 Deua,
464 2947 660 3015 absque
710 2946 965 2996 dedecore
1015 2951 1068 2993 et
1119 2939 1420 3010 injustitia.”
1495 2939 1602 2989 Ubi
1654 2938 1847 2988 mentis

193 3060 413 3112 compos
449 3041 618 3093 factus
655 3041 727 3091 est
767 3036 1320 3147 Abori-Galbschanus,
1356 3052 1477 3086 eum
1515 3043 1642 3084 tunc
1676 3033 1846 3102 poeni-

981 3124 1007 3157 4

1917 1905 1954 1941 P.

1979 1912 2071 1954 474·
