2498 3575
656 316 763 357 EX
826 317 1366 361 ABULFEDA.

258 502 444 566 Opibus
490 503 596 561 suis,
649 504 978 567 poflessionum
1029 505 1213 552 suarum
1262 506 1585 569 amplitudine,
1636 508 1869 572 marique·

330 595 458 658 quod
489 596 571 643 suo
604 595 868 664 subjacebat
903 599 1113 661 imperio,
1140 599 1301 645 Sediro
1334 617 1524 664 quoque
1553 618 1700 664 quum
1727 619 1844 666 gau-

328 689 484 744 deret3

254 781 423 828 Subito
454 784 580 830 cordi
616 787 716 847 ejus
751 792 905 831 metus
940 785 1147 833 incuffus
1180 787 1259 844 est,
1295 795 1344 833 et
1376 787 1521 833 dixit:
1561 791 1592 812 “
1620 789 1746 854 Quae
1779 789 1842 835 est

328 879 360 900 “
385 876 610 923 exultatio
634 877 822 935 viventi,
847 894 990 941 quem
1018 896 1143 926 mors
1175 888 1336 926 manet
1350 880 1392 926 ?''

178 970 457 1039 Postquam
498 972 779 1024 Nomanus
820 973 1018 1025 Luscus
1059 975 1344 1025 mundanis
1383 976 1540 1025 rebus
1572 975 1838 1036 valedixit,

178 1067 417 1136 regnavit
443 1067 498 1118 in
525 1069 636 1137 ejus
663 1069 841 1120 locum
870 1070 1008 1120 filius
1035 1071 1147 1140 ejus
1175 1070 1487 1121 Mondarus.
1547 1069 1667 1122 Hoc
1695 1089 1837 1122 mor-

176 1169 289 1224 tuo,
323 1172 580 1232 regnante
620 1163 841 1215 Firouzo
878 1164 1226 1235 Yezdedjerdi
1263 1166 1390 1225 filio,
1421 1184 1645 1235 regnum
1676 1167 1838 1236 adep-

175 1266 277 1308 tus‘
306 1259 378 1309 est
420 1260 559 1310 filius
605 1259 718 1328 ejus
760 1259 1039 1312 Aswadus.
1119 1260 1242 1322 Hic,
1284 1261 1500 1312 devietis
1541 1261 1836 1320 GaffanitiS‚

178 1352 469 1423 (Arabibus
514 1354 605 1422 qui
644 1353 850 1423 Syriam
890 1354 1240 1425 incolebant,)
1285 1357 1481 1407 multos
1520 1374 1583 1408 ex
1626 1358 1837 1428 regibus

175 1466 360 1500 eorum
397 1449 633 1518 captivos
666 1449 811 1510 fecit,
839 1469 989 1518 quos,
1016 1451 1170 1502 venia
1200 1453 1337 1512 data,
1373 1452 1676 1503 dimittendi
1707 1471 1836 1503 con-

173 1543 343 1595 filium
385 1554 613 1613 ceperat.
680 1544 806 1596 Erat
842 1555 1021 1597 autern
1059 1546 1292 1597 Asvvado
1331 1547 1581 1616 patruelis
1621 1549 1834 1616 quidam

173 1638 576 1690 Abou-adhinae
606 1640 841 1701 nomine,
870 1642 1018 1710 cujus
1045 1641 1206 1692 frater
1237 1661 1267 1693 a
1300 1641 1579 1693 Gaffanitis
1614 1643 1669 1693 in
1702 1662 1836 1712 quo-

173 1735 294 1785 dam
330 1735 581 1786 conflictu
616 1735 815 1786 occisus
842 1735 1030 1787 fuerat,
1110 1735 1228 1787 Hac
1255 1737 1527 1788 occafione
1552 1738 1837 1790 Abou-ad-

172 1828 299 1880 hina
333 1829 737 1881 celeberrimum
774 1849 988 1881 carmen
1025 1830 1178 1883 suum
1215 1833 1364 1894 dixit,
1402 1852 1509 1902 quo
1543 1834 1835 1887 Aswadum

171 1926 237 1976 ad
268 1943 358 1976 eos
396 1926 792 1977 interficiendos
818 1926 1072 1978 excitaret
1096 1947 1108 1979 z
1148 1945 1215 1979 ex
1240 1946 1346 1997 quo
1374 1929 1609 1981 carmine
1634 1930 1756 1983 sunt
1781 1932 1838 1982 hi

170 2020 346 2071 versus
373 2041 385 2073 :

245 2124 363 2172 Non
391 2129 419 2157 ²¹²
448 2141 735 2189 quocunque
763 2124 837 2171 die
864 2126 1119 2189 assequitur
1140 2125 1288 2173 homo
1314 2126 1360 2173 id
1385 2127 1512 2190 quod
1539 2128 1585 2174 in
1611 2129 1728 2175 votis
1752 2129 1836 2175 ha-

317 2219 414 2275 bet,
453 2234 540 2264 nec
576 2235 686 2282 quae
719 2217 800 2264 dat
831 2217 981 2265 fatum
1015 2218 1223 2282 benigna
1255 2237 1417 2279 manu,
1453 2229 1501 2267 et
1536 2221 1631 2269 fine
1665 2222 1836 2269 invidia

318 2311 528 2377 largitur.

242 2406 635 2455 Prudentiffimus
672 2406 922 2453 hominum
964 2407 1054 2465 ille,
1092 2407 1241 2471 quisi
1280 2408 1476 2471 quando·
1507 2411 1746 2472 praebetur
1791 2412 1833 2458 ei

317 2499 511 2557 occafio,
537 2516 635 2546 non
662 2499 767 2546 finit
791 2499 953 2546 funem
979 2517 1249 2548 connexum
1275 2502 1508 2566 abrumpi.

243 2593 566 2657 AEquiffimus
599 2601 726 2639 certe
759 2592 1011 2640 hominum
1046 2594 1094 2640 in
1124 2594 1255 2640 omni
1287 2593 1392 2640 loco
1417 2595 1454 2641 is
1479 2596 1557 2653 est,
1584 2596 1662 2659 qui
1690 2597 1831 2644 hosti-

260 2708 265 2715 ·
318 2687 405 2733 bus
431 2686 519 2733 suis
542 2686 747 2733 eundern
773 2685 964 2733 calicem
989 2687 1206 2750 propinat
1230 2703 1370 2750 quern
1397 2687 1487 2751 ipse
1511 2688 1678 2736 hausit.

242 2784 349 2831 Nec
375 2785 573 2847 injurius
593 2785 658 2831 est
683 2785 730 2830 in
748 2800 843 2840 eos,
863 2785 943 2847 qui
962 2786 1059 2831 acie
1078 2785 1284 2848 ejusdem
1301 2787 1440 2851 gladii
1467 2787 1567 2835 illos
1593 2789 1712 2847 ferit,
1734 2807 1830 2853 quo

314 2881 441 2942 prius
467 2879 557 2943 ipse
581 2880 644 2925 est
670 2879 919 2942 percufl'us.

243 2977 430 3042 Utique
453 2979 599 3024 virtus
620 2978 684 3025 est
706 2976 1015 3040 indulgentia,
1040 2976 1123 3023 nifi
1147 2977 1227 3024 ubi
1254 2978 1302 3024 in
1328 2979 1530 3042 aequales
1555 2987 1794 3027 exercetur
1817 2999 1827 3027 :

318 3071 519 3135 quisquis
544 3070 676 3116 aliter
699 3069 864 3116 dixerit
889 3071 1132 3116 mentitur.

1904 2144 1927 2167 ὕ
1944 2143 2033 2180 Vid.
2052 2144 2179 2200 Mon.¹

1883 2197 2028 2235 Vetust.
2045 2199 2160 2235 Arab.

1884 2261 2007 2301 1257·
