2498 3575
438 255 523 306 De
549 252 778 305 Arabum
804 251 1032 304 Moribus
1055 265 1169 305 ante
1194 255 1585 310 Molmmmedem.

178 448 324 519 cujus
363 446 536 517 gloriae
572 445 827 516 praecipue
860 444 1066 496 studiosi
1105 456 1266 505 erant,
1309 446 1419 496 haec
1461 457 1599 497 erat:
1644 447 1833 517 lingua]

177 540 280 591 suae
331 540 526 611 peritia,
568 539 812 590 sermonis
858 538 1150 610 proprietas,
1194 539 1486 591 carminum
1523 553 1739 603 textura,
1783 555 1835 594 et

176 633 472 685 orationum
515 633 830 704 compositio.
903 632 1033 684 Noti
1072 632 1230 683 etiam
1267 633 1362 684 illis
1400 647 1544 685 erant
1572 636 1831 688 stellarum

174 739 331 789 ortus,
375 739 426 778 et
472 728 692 788 occasus,
741 727 869 778 item
920 746 1163 796 quaenam
1215 746 1277 778 ex
1326 727 1421 779 illis
1471 729 1542 780 ita
1591 731 1833 800 opposita:

172 820 288 882 fint,
330 833 407 883 ut,
449 822 646 873 oriente
697 823 809 882 hac,
853 822 936 872 illa
982 821 1199 882 occidat,
1242 843 1506 893 quamque
1553 824 1606 875 in
1651 826 1834 895 pluviis

175 915 455 967 excitandis
496 916 605 968 vim
647 917 904 976 habeant3
952 928 1212 986 quantum
1254 917 1466 987 quidem
1510 919 1714 970 summa
1756 932 1832 971 at-

174 1011 426 1071 tentione,
464 1021 517 1062 et
546 1011 789 1062 diuturna
818 1010 1131 1081 experientia
1159 1010 1366 1062 affecuti
1395 1011 1510 1073 sint,
1545 1013 1710 1085 (quod
1741 1014 1832 1065 sci-

174 1104 297 1156 licet
326 1106 459 1156 hanc
485 1125 659 1156 rerum
687 1105 894 1156 istarum
927 1105 1282 1176 cognitionem
1309 1106 1429 1159 vitae
1460 1107 1586 1159 ratio
1616 1108 1713 1159 illis
1742 1129 1832 1160 ne-

177 1199 435 1250 cessariam
467 1200 700 1271 faceret‚)
733 1220 854 1261 11011,
887 1220 989 1271 qua
1014 1220 1131 1252 vera
1159 1200 1369 1252 scientia
1398 1202 1695 1272 acquiritur,
1721 1224 1832 1256 me-

177 1294 352 1344 thodo.
401 1294 605 1344 Verum
635 1295 772 1364 quod
802 1295 865 1345 ad
892 1294 1224 1365 philosophiae
1254 1295 1538 1359 scientiam,
1571 1298 1699 1350 nihil
1729 1300 1834 1371 ejus

176 1388 459 1438 admodum
501 1387 810 1439 concefferat
849 1388 943 1440 illis
981 1389 1143 1450 Deus,
1186 1410 1281 1441 nec
1320 1410 1403 1442 eos
1442 1393 1505 1442 ad
1535 1394 1641 1444 haec
1671 1393 1855 1445 studia
1887 1414 2008 1451 Smms
2023 1415 2094 1465 sal)

175 1481 383 1533 idoneos
424 1482 630 1534 fecerat.
700 1484 878 1553 Atque
915 1483 1000 1535 hie
1035 1484 1192 1536 status
1223 1504 1406 1536 eorum
1437 1497 1544 1537 erat
1573 1506 1663 1557 per
1690 1489 1833 1558 Igno-

174 1577 351 1630 rantiae
379 1589 649 1648 tempora;
694 1589 747 1629 at
775 1579 866 1629 sub
907 1577 1150 1649 Istamffino
1186 1579 1315 1641 talis,
1358 1581 1584 1650 qualem,
1630 1583 1834 1634 volente

174 1671 309 1733 Deo,
352 1692 512 1743 quam
553 1672 843 1724 breviffime
884 1684 937 1723 et
977 1674 1476 1744 compendiofiflime
1515 1675 1623 1727 fieri
1664 1678 1831 1747 poffit,

172 1766 472 1838 descripturi
500 1768 693 1820 sumus,

248 1900 446 1952 Author
475 1900 621 1971 Legis
647 1899 913 1971 Istamiticae
944 1901 1249 1954 Molsczmmed
1271 1902 1381 1955 Elm
1409 1903 1672 1958 Abdallah.

245 2006 486 2057 Tradunt
524 2006 786 2076 originum
830 2006 1094 2077 scriptores
1149 2008 1333 2060 deduci
1380 2009 1631 2079 originem
1683 2010 1832 2081 ipfius

171 2100 233 2151 ab
290 2101 492 2171 [sinaeleg
534 2100 822 2161 Abrahami,
863 2101 1038 2152 Amici
1097 2102 1218 2162 Dei,
1259 2103 1383 2163 filio,
1425 2123 1586 2174 quem
1636 2107 1833 2176 peperit

170 2193 242 2245 illi
273 2195 470 2264 Hagczr,
511 2194 696 2246 ancilla
727 2196 865 2246 Sczrae
903 2195 1072 2247 uxoris
1114 2198 1235 2268 ejus.
1308 2197 1478 2248 Natus
1519 2198 1590 2248 est
1627 2200 1828 2260 Mea-cce,

170 2309 305 2341 anno
351 2287 626 2341 Alexandri
668 2290 771 2358 892
796 2310 808 2350 3
861 2301 1144 2361 antequam
1200 2302 1380 2342 autem
1428 2311 1625 2342 annum
1673 2293 1830 2344 fetatis

171 2384 455 2435 secundum
484 2383 813 2454 transegisset,
847 2397 1084 2435 mortuus
1115 2385 1186 2436 est
1216 2397 1359 2455 pater
1389 2385 1536 2456 ipsius
1566 2385 1825 2439 Abdallah.

168 2478 364 2529 {Mansit
393 2497 511 2548 ergo
542 2479 678 2549 apud
708 2490 932 2529 matrem
961 2480 1106 2530 suam
1137 2481 1387 2541 Amenam,
1419 2480 1625 2532 Wahebi
1647 2481 1825 2543 filiam,

169 2571 252 2623 sex
275 2592 457 2632 annos;
491 2593 591 2643 qua
623 2572 879 2633 defuncta,
905 2593 1028 2624 eum
1059 2576 1121 2625 ad
1151 2575 1200 2625 se
1231 2586 1497 2645 receptum
1527 2596 1648 2627 avus
1678 2576 1827 2647 ipfius

169 2665 573 2718 Abd’almotallah
618 2678 795 2718 tenero
845 2667 973 2719 fovit
1022 2668 1227 2729 affeetu,
1269 2669 1434 2720 donee
1480 2681 1528 2721 ct
1578 2669 1680 2740 ipse
1709 2673 1824 2743 jam

170 2760 327 2812 morti
371 2760 566 2812 vicinus
611 2761 718 2812 filio
765 2761 853 2812 suo
903 2761 1021 2813 Abu
1069 2757 1212 2813 Taleb
1251 2764 1479 2814 eundem
1536 2767 1823 2816 curandum

170 2855 574 2916 commendavit,
626 2855 715 2926 qui
763 2855 809 2906 ei
855 2857 918 2907 ad
965 2856 1013 2907 se
1067 2868 1272 2926 recepto
1323 2868 1552 2908 tutorem
1600 2858 1649 2909 se
1695 2879 1823 2928 prae-

167 2948 299 3009 buit,
341 2949 526 3000 deinde
553 2969 711 3000 annos
739 2951 855 3022 jam
887 2970 1076 3002 novem
1107 2963 1291 3002 natum
1331 2953 1505 3002 secum
1536 2953 1824 3025 Dasmfium

114 3030 115 3033 Ἴ
169 3043 399 3095 deduxit.
459 3044 600 3096 Cum
631 3055 808 3096 autem
837 3046 954 3117 jam
983 3046 1180 3117 Bostssctm
1209 3045 1565 3115 pervenifl'ent,
1597 3047 1822 3116 progres-

1885 1469 1949 1505 Issa
1956 1484 1990 1506 m
1999 1469 2100 1508 ilino.

1882 2021 2121 2057 Μω11ῑ11111116-

1878 2076 1934 2112 dis
1949 2076 2105 2126 ptuyslsw
2125 2086 2155 2112 cl

1878 2132 1951 2168 nati
1958 2146 1969 2168 1
1976 2143 2058 2169 wls.
