2498 3575
339 242 554 425 ‘1493
661 280 666 402 i
1263 322 1770 365 EXCERPTA

658 498 662 561 ᾗ
698 489 986 541 Yemanam
1025 492 1280 561 migrafl'e,
1310 493 1589 560 sedemque
1627 492 1700 543 ibi
1734 491 2050 543 constituiffe
2082 491 2197 560 post
2233 491 2336 542 lin-

357 493 364 603 ἕ

357 609 362 647 5
658 573 661 630 ‘2
690 601 912 652 guarum
947 585 1329 647 confusionem,
1356 597 1410 637 et
1444 587 1673 637 filiorum
1706 585 1915 637 Noachi
1948 585 2336 653 disperfionem‚

357 649 361 696 ι
695 677 1018 738 Καὴῖᾶῃιιῐῐι,
1047 680 1214 730 filium
1243 679 1418 741 Eberi,
1446 681 1539 732 filii
1571 680 1831 741 Schalehi,
1856 681 1920 731 de
1945 698 2052 748 quo
2073 680 2188 749 jam
2223 697 2335 730 me-

692 772 959 824 minimus.
1006 772 1282 824 Kahtanus
1309 775 1458 825 hicce
1483 775 1686 843 primus
1709 783 1900 825 terram
1921 773 2174 825 Yemanae
2193 773 2337 843 regio

690 868 907 918 nomine
943 869 1035 919 sibi
1071 868 1331 920 subditam
1372 870 1574 930 habuit,
1601 869 1905 937 primusque
1932 869 2225 920 diademate
2250 886 2336 919 or-

689 970 841 1012 natus
884 963 971 1013 est.
1051 962 1300 1014 Kahtano
1339 972 1568 1024 mortuo,
1607 963 1845 1033 regnavit
1881 963 1994 1031 post
2035 980 2158 1014 eum
2197 962 2335 1014 filius

690 1056 800 1125 ejus
845 1055 1102 1118 YarebuS,
1144 1058 1234 1125 qui
1275 1058 1495 1126 primm,
1540 1067 1599 1108 ut
1637 1057 1834 1117 ferunt,
1867 1056 2094 1107 Arabice
2128 1056 2336 1107 locutus

687 1151 773 1200 est.
839 1149 981 1201 Huic
1008 1151 1063 1201 in
1087 1152 1308 1219 imperio
1335 1151 1571 1203 successit
1595 1151 1939 1202 Yaschhabus
1959 1149 2154 1202 Yarebi
2175 1151 2332 1211 filius,

687 1244 932 1312 idemque
966 1244 1306 1297 successorem
1341 1247 1528 1297 habuit
1558 1244 2008 1297 Abd-schemsum
2035 1243 2334 1296 Yaschhabi

685 1339 873 1399 filium,
901 1340 992 1408 qui
1029 1340 1310 1408 imperium
1346 1342 1584 1410 adeptuS,
1613 1340 1794 1391 multis
1821 1340 1877 1391 in
1901 1339 2066 1391 varias
2093 1340 2333 1410 regiones

399 1449 437 1483 P.
459 1459 549 1495 424.
655 1417 659 1534 Ι
686 1433 884 1484 bellicis
910 1435 1331 1502 expeditionibus
1358 1434 1620 1503 susceptiS‚
1650 1434 1783 1485 Saba
1809 1433 2217 1503 cognominatus
2242 1434 2331 1485 est.

655 1538 659 1550 ¹
687 1525 803 1594 Ipse
828 1528 900 1578 est
926 1528 1015 1596 qui
1041 1546 1287 1598 aggerem
1318 1529 1495 1580 struxit
1525 1529 1577 1579 in
1613 1529 1827 1598 regione
1853 1527 2097 1589 Maaribi,
2125 1527 2332 1597 septua-

684 1622 833 1690 ginta
857 1622 1045 1673 fluvios
1070 1624 1137 1673 ad
1162 1640 1284 1673 eum
1313 1623 1547 1684 deduxit,
1568 1621 1928 1690 torrentesque
1953 1622 2112 1692 longe
2134 1622 2332 1673 diffitos

338 1557 342 1604 Ι

335 1605 342 1798 ἒ
654 1734 740 1798 gin
786 1716 930 1767 hunc
970 1716 1149 1768 locum
1195 1717 1456 1786 perduxit.
1536 1717 1739 1768 Urbem
1779 1734 1990 1784 quoque
2029 1715 2332 1767 Maaribum

653 1800 657 1834 5
685 1811 950 1872 exstruxit,
979 1829 1096 1879 quae
1124 1812 1246 1862 urbs
1274 1811 1423 1863 Sabae
1449 1812 1588 1863 dicia
1613 1812 1699 1862 est.
1777 1810 1983 1861 Volunt
2007 1810 2112 1872 alii,
2136 1810 2332 1862 Maari-

652 1835 657 1954 l
687 1905 812 1956 bum
846 1906 1255 1974 appellationem
1290 1905 1438 1957 fuisse
1471 1906 1719 1957 omnibus
1751 1905 1961 1975 regibus
1988 1922 2332 1956 communem

685 1999 776 2067 qui
801 1999 1055 2051 Yemanae
1081 2000 1471 2069 imperitabant.
1552 2000 1687 2051 Sunt
1712 2000 1869 2051 etiam
1899 2000 1989 2068 qui
2014 1999 2202 2051 volunt
2227 1999 2332 2051 arci

685 2111 843 2161 quam
886 2112 978 2145 rex
1021 2095 1285 2146 incolebat
1331 2112 1526 2159 nomen
1579 2094 1806 2146 Maaribi
1851 2095 2099 2156 inditum,
2144 2095 2331 2146 urbem

683 2205 808 2237 vero
835 2187 1024 2238 Sabam
1053 2189 1246 2240 diciam
1274 2189 1438 2239 fuiffe.

757 2281 935 2332 Plures
961 2283 1096 2333 filios
1121 2283 1214 2333 fibi
1240 2283 1533 2352 superstites
1564 2283 1748 2334 habuit
1776 2283 1926 2342 Saba,
1955 2284 2019 2334 de
2045 2302 2152 2351 quo
2179 2282 2332 2334 nobis

684 2375 853 2426 sermo
885 2376 975 2437 est,
1003 2394 1032 2427 e
1072 2395 1298 2444 quorum
1336 2395 1559 2428 numero
1596 2377 1742 2428 fuere
1774 2377 2082 2447 HimyaruS,
2113 2377 2332 2438 AmruS,

684 2469 968 2531 CahlanUS,
995 2470 1277 2533 Ascharus,
1312 2472 1521 2540 aliique,
1561 2490 1691 2540 quos
1729 2472 1784 2522 in
1823 2473 1994 2540 capite
2026 2472 2215 2540 quinto
2249 2489 2331 2523 re-

684 2563 1032 2625 censebimus,
1064 2583 1229 2633 quum
1271 2551 1334 2616 de
1372 2576 1531 2635 gente
1566 2566 1803 2616 Arabum
1838 2566 2133 2617 sermonem
2172 2566 2332 2617 facie-

686 2675 820 2708 mus.
900 2658 1034 2709 Saba
1059 2668 1288 2721 mortuo,
1316 2659 1570 2711 Yemanae
1596 2660 1878 2729 imperium
1914 2661 1981 2711 ad
2016 2660 2184 2711 filium
2219 2660 2332 2729 ejus

684 2750 1003 2820 Himyarum
1042 2753 1287 2805 devenit:
1328 2755 1416 2804 hic
1449 2754 1597 2823 regni
1631 2771 1850 2822 compos
1891 2753 2059 2805 factus
2091 2754 2331 2805 Thamu-

684 2846 817 2896 ditas
842 2863 908 2896 ex
932 2845 1173 2897 Yemana
1197 2848 1253 2897 in
1279 2846 1565 2917 Hidjazum
1593 2849 1818 2917 migrare
1845 2849 2034 2918 coegit.
2105 2848 2248 2900 Huic
2273 2849 2331 2900 in

685 2940 906 3007 imperio
945 2940 1182 2992 succeffit
1207 2940 1430 2993 Wathel
1467 2941 1713 3011 Himyari
1745 2943 1900 3004 filius,
1929 2961 2056 2994 mox
2090 2942 2333 2994 Sacsacus

337 3070 343 3130 ι
684 3032 924 3084 Watheli
950 3035 1106 3096 filius,
1134 3044 1249 3086 tum
1275 3035 1498 3087 Yafarus
1533 3036 1733 3088 Sacsaci
1767 3037 1921 3088 filius.
1997 3036 2331 3107 Dhou-riya-

339 3141 345 3185 l
