2498 3575
464 248 597 338 416'

712 445 744 465 “
773 445 901 485 nant
949 432 1136 503 potiuS‚
1178 453 1336 503 quam
1375 433 1632 485 Criticum
1673 435 2043 494 recensentem,
2083 433 2361 503 praesertim

710 548 742 568 “
775 556 896 588 cum
922 538 1087 588 multa
1111 538 1292 596 deleta,
1313 539 1550 608 adjuncta
1577 557 1783 607 quoque
1813 557 1917 588 non
1940 556 2102 607 pauca
2130 537 2361 588 animad-

712 652 748 674 “
778 653 1058 700 vertantur,
1101 641 1283 708 quibus
1323 660 1479 691 nemo
1520 641 1746 692 alienum
1786 661 1914 710 opus
1952 641 2154 691 inficere
2188 639 2363 691 solet.’'

712 745 928 815 Optime
959 744 1034 794 his
1064 744 1225 795 verbis
1255 744 1488 796 codicem
1512 744 1767 814 descripsit
1795 745 2146 805 Renaudotus,
2171 755 2223 795 et
2251 744 2367 795 sane

713 849 981 900 neminem
1012 867 1107 918 ego
1144 847 1377 899 existimo
1405 849 1468 899 de
1497 847 1708 898 veritate
1747 849 1896 920 hujus
1925 848 2168 918 elegantis
2199 848 2365 899 obser-

713 952 927 1004 vationis
956 952 1334 1011 dubitaturum,
1365 951 1454 1022 qui
1495 953 1650 1003 modo
1691 951 1857 1020 ipsum
1896 952 2130 1003 codicem
2167 951 2367 1021 inspex-

716 1056 850 1108 erita.
923 1056 1162 1107 Tractavi
1192 1055 1441 1125 Lugduni
1476 1055 1529 1106 in
1566 1055 1768 1107 Batavis
1803 1055 1939 1106 aliud
1976 1054 2212 1125 principis
2247 1056 2368 1106 doc-

717 1160 892 1211 tissimi
945 1160 1343 1229 autographum,
1391 1159 1792 1229 geographicum
1847 1163 1954 1230 ejus
2007 1178 2152 1228 opus,
2204 1177 2370 1229 neque

716 1284 874 1315 ovum
900 1264 1062 1333 potest
1084 1282 1180 1314 ovo
1210 1262 1420 1313 similius
1443 1262 1555 1322 effe,
1578 1274 1733 1333 atque
1754 1264 1872 1313 sunt
1902 1262 1954 1312 hi
1985 1263 2199 1323 codices,
2223 1262 2368 1332 Lug-

717 1367 950 1418 dunensis
974 1365 1354 1436 geographicus,
1378 1377 1429 1416 et
1457 1366 1719 1417 historicus
1748 1366 2011 1417 Parismus.
2054 1366 2217 1435 Igitur
2242 1365 2370 1416 mihi

718 1473 815 1522 hoc
856 1482 995 1521 extra
1035 1470 1252 1521 dubium
1294 1470 1514 1539 pofitum
1556 1469 1773 1528 videtur,
1817 1481 2099 1539 utrumque
2137 1470 2370 1521 codicem

720 1595 878 1626 manu
922 1573 1195 1624 Abulfedae
1245 1573 1340 1624 effe
1387 1583 1670 1624 exaratum.
1761 1573 2017 1642 Scriptura
2061 1573 2115 1624 in
2152 1584 2372 1643 utroque

721 1680 917 1736 eadem,
940 1677 1092 1747 digna
1121 1677 1206 1727 illa
1236 1675 1461 1746 principe
1486 1677 1815 1746 polygrapho,
1843 1676 1977 1727 rudis
2007 1677 2122 1728 sane
2150 1696 2208 1728 ac
2236 1677 2375 1728 foeda

721 1782 934 1851 prorsus,
961 1792 1011 1831 et
1033 1781 1168 1831 lectu
1192 1799 1437 1849 perquam
1462 1780 1704 1838 difficilis;
1741 1779 1792 1830 in
1821 1778 1878 1830 iis
1910 1780 2151 1840 maxime,
2175 1800 2292 1850 quae
2322 1780 2375 1832 in

726 1884 951 1953 margine
980 1885 1117 1934 haud
1149 1902 1312 1953 pauca
1341 1883 1676 1954 adjiciuntur3
1710 1883 1872 1936 liturae
1899 1884 2090 1954 ubique
2112 1886 2294 1936 multae
2323 1896 2375 1936 et

724 1991 906 2040 eodem
944 1989 1100 2038 modo
1138 1987 1302 2046 faciae,
1338 1987 1470 2037 erasa
1506 1987 1661 2037 etiam
1703 1962 1967 2044 nonnuila,
2003 1998 2054 2039 et
2094 1987 2189 2038 alia
2230 1989 2375 2058 supra

726 2092 946 2143 rasuram
973 2091 1169 2160 scripta.
1217 2092 1392 2160 Atque
1422 2091 1520 2140 hoc
1550 2090 1602 2141 in
1633 2089 1805 2160 primis
1839 2090 1963 2141 mihi
1986 2101 2187 2142 certum
2215 2093 2374 2143 docu-

729 2206 968 2245 mentum
1002 2194 1219 2253 videtur,
1254 2207 1536 2262 utrumque
1571 2194 1801 2244 codicem
1842 2195 1936 2245 effe
1981 2197 2376 2265 autographum,

729 2299 866 2368 quod
904 2297 987 2347 illa
1023 2316 1137 2366 quae
1178 2296 1432 2347 Abulfeda
1470 2296 1521 2347 in
1562 2296 1617 2347 iis
1652 2297 1855 2357 delevit,
1887 2299 1948 2349 ab
1982 2299 2087 2349 aliis
2121 2299 2379 2351 codicibus

730 2401 934 2458 absunt;
974 2419 1030 2451 ea
1060 2419 1178 2450 vero
1213 2400 1388 2450 omnia
1421 2419 1536 2469 quae
1573 2400 1626 2450 in
1665 2400 1894 2470 margine
1930 2401 2202 2471 adscripfit,
2233 2402 2287 2454 in
2323 2402 2380 2454 iis

733 2506 991 2574 leguntur.
1053 2504 1149 2554 Sed
1179 2504 1275 2553 hoc
1299 2504 1600 2562 dolendum,
1625 2505 1762 2573 quod
1790 2514 2006 2574 uterque
2037 2506 2195 2556 codex
2223 2505 2380 2556 etiam

734 2609 1009 2677 Leydanus
1060 2618 1111 2656 et
1157 2606 1402 2656 Parisinus
1453 2608 1667 2657 eandem
1713 2608 1904 2658 malam
1955 2608 2215 2659 fortunam
2260 2610 2380 2678 paffi

734 2710 861 2762 smt:
920 2710 972 2760 in
1013 2720 1232 2778 utroque
1271 2709 1411 2759 enim
1451 2710 1616 2760 cultro
1655 2709 1927 2780 bibliopegi
1969 2712 2136 2762 multa
2175 2731 2290 2781 quae
2329 2712 2396 2763 in·

791 2905 806 2921 ³
832 2900 923 2936 Non
954 2901 1101 2937 videtur
1136 2908 1263 2937 tamen
1295 2898 1480 2936 credidisse
1513 2899 1757 2936 Renaudotus
1789 2906 1911 2937 totum
1946 2901 2081 2937 codicis
2108 2914 2240 2951 corpus
2269 2914 2385 2938 manu

738 2968 937 3005 Abulfedae
958 2969 1136 3019 scripturn
1162 2969 1264 3006 fuisse
1284 2984 1290 3004 :
1325 2969 1424 3017 quod
1450 2974 1575 3003 tamen
1603 2981 1729 3004 verum
1752 2969 1813 3011 est,
1834 2970 1857 3005 fi
1884 2983 1942 3006 eas
1963 2977 2084 3020 partes
2103 2969 2281 3020 excipias,
2300 2984 2385 3020 quae

738 3039 935 3088 perierant,
956 3046 992 3076 et
1013 3039 1190 3076 resarcitae
1210 3038 1295 3075 sunt
1316 3051 1337 3074 a
1357 3050 1472 3073 manu
1494 3037 1699 3073 recentiori.
1759 3038 1797 3076 S.
1819 3038 1859 3076 de
1880 3039 1920 3076 S.
