2498 3575
324 516 327 561 ι

323 616 327 705 Ξ

322 711 327 749 l

1221 305 1731 347 EXCERPTA

658 484 775 542 tuit,
800 500 922 533 cum
949 483 1262 551 poenitentia
1278 483 1391 552 jam
1420 484 1484 533 ad
1512 483 1642 533 nihil
1667 482 1896 534 valeret:
1930 484 2071 533 unde
2099 482 2298 533 dicium

654 577 726 627 est
764 577 817 626 in
858 577 1171 645 proverbio:
1223 576 1449 627 ,Ιαὲῗῑινα
1488 575 1744 644 irffelicior
1775 574 2260 644 Abora-Gahschano
2282 596 2298 626 .-

655 680 708 721 et
733 670 820 722 hic
846 679 1067 721 eventus
1093 689 1123 721 a
1148 672 1318 739 poetis
1345 670 1530 739 saepius
1556 671 1628 721 est
1654 671 1978 721 decantatus,

729 772 1007 819 Vendebant
1039 773 1290 820 Khozaitae
1323 774 1545 819 ebrietate
1576 771 1686 819 victi
1721 772 1918 819 domum
1951 774 2058 831 Dei,
2089 789 2173 836 pro
2206 772 2300 820 vini

802 873 935 919 utre;
974 866 1087 912 vah!
1128 865 1370 913 infaustam
1407 883 1636 912 manuum
1672 865 2032 928 complofionem
2060 865 2196 925 illius,
2221 868 2301 931 qui

802 960 848 1005 in
875 958 951 1005 tali
977 958 1114 1021 pacto
1138 960 1315 1022 primus
1339 975 1506 1006 manus
1530 957 1785 1021 complosit.

729 1056 819 1102 Vili
855 1057 1000 1119 pretio
1034 1056 1367 1103 venundabant
1397 1056 1681 1103 aedituorum
1712 1055 1847 1101 sacrae
1879 1055 1992 1102 aedis
2016 1072 2206 1114 munUS,
2235 1055 2303 1104 lo-

802 1166 1007 1212 cumque
1031 1149 1234 1196 descrere
1265 1150 1582 1213 cogebantur:
1622 1149 1840 1195 manebat
1868 1164 1980 1195 vero
2011 1148 2135 1195 aedes
2166 1148 2303 1208 sacra,

801 1249 849 1286 et
873 1240 946 1287 ille
970 1241 1050 1303 qui
1075 1240 1165 1286 alta
1186 1256 1301 1287 voce
1325 1241 1569 1288 clamabat.

653 1335 808 1385 Tunc
841 1335 1053 1405 collegit
1090 1334 1365 1405 Kosayyus
1402 1335 1773 1397 Koreischitas‚
1802 1335 1893 1404 qui
1918 1336 2062 1404 prius
2098 1334 2306 1404 dispersi

655 1439 821 1490 erant,
860 1429 1114 1498 victisque
1153 1429 1444 1492 Khozaitis,
1478 1430 1667 1482 Mecca
1703 1431 1923 1499 expulit,
1965 1439 2018 1481 et
2050 1430 2105 1480 in
2139 1429 2304 1480 Batn—

656 1523 901 1574 Morrum
946 1526 1187 1575 recedere
1230 1525 1418 1595 coegit.
1508 1525 1597 1576 Ad
1639 1524 1926 1576 Khozaitas
1967 1525 2306 1594 pertinebant

657 1617 1021 1678 Mostalekitae,
1069 1627 1254 1670 contra
1305 1637 1436 1687 quos
1483 1638 1629 1670 arma
1671 1620 1838 1670 movit
1883 1620 2142 1688 propheta
2182 1618 2303 1670 Dei.

656 1711 916 1764 Barekitae
938 1731 966 1763 e
989 1714 1106 1764 filiis
1133 1714 1254 1764 sunt
1279 1715 1434 1764 Amri
1460 1714 1740 1765 Mozaikiae
1764 1713 1990 1775 Azditae,
2015 1714 2105 1781 qui
2131 1713 2304 1765 sedem

657 1808 954 1858 habuerunt
983 1818 1218 1859 montem
1249 1809 1514 1877 quendam
1547 1810 1612 1859 ad
1648 1827 1792 1860 oram
1820 1809 2094 1869 Yemanae,
2122 1807 2307 1860 Baralc

657 1902 876 1963 dicium,
904 1911 957 1953 et
992 1904 1057 1953 ab
1094 1921 1157 1954 eo
1193 1921 1390 1953 nomen
1427 1913 1760 1971 acceperunt.
1837 1903 2046 1954 Nobilis
2071 1904 2144 1954 est
2168 1904 2307 1954 inter

657 2014 745 2046 eos
791 1996 1061 2059 Makarus,
1108 1998 1244 2048 filius
1291 1996 1516 2059 Himari,
1560 1997 1822 2059 Barekita,
1869 1998 2018 2066 cujus
2061 1998 2305 2049 meminit

657 2100 810 2141 autor
849 2091 967 2142 libri
1004 2090 1200 2162 Agani,
1235 2092 1430 2160 quique
1466 2110 1657 2160 poema
1696 2092 1825 2143 illud
1859 2091 2072 2161 scripfit,
2110 2092 2165 2143 in
2199 2111 2305 2161 quo

658 2186 848 2253 legitur
874 2186 960 2236 hic
990 2185 1164 2237 versus
1188 2207 1198 2238 :

732 2288 932 2351 Projecit
964 2288 1036 2335 illa
1068 2289 1288 2336 baculum
1326 2289 1478 2348 suum,
1516 2290 1752 2354 stetitque,
1784 2290 1900 2337 ficut
1932 2290 2118 2338 laetatur
2153 2291 2302 2339 reditu

804 2381 967 2428 viator.

657 2472 863 2526 Dausus
885 2494 1009 2527 vero
1035 2486 1239 2545 patrem
1265 2478 1450 2528 habuit
1469 2477 1781 2529 Odthanum
1808 2478 1976 2530 filiurn
2003 2478 2302 2541 Abdallahi,

659 2570 750 2619 filii
785 2569 1071 2632 VVahzani,
1105 2572 1197 2622 filii
1235 2561 1414 2633 Caabi,
1453 2572 1546 2623 filii
1585 2571 1827 2633 Harethi,
1861 2573 1954 2624 filii
1993 2573 2172 2636 Caabi,
2211 2575 2305 2626 filii

660 2662 870 2722 Maleci,
914 2665 1007 2715 filii
1047 2664 1217 2726 Nasri‚
1262 2666 1355 2717 filii
1397 2665 1570 2718 Azdi:
1624 2666 2030 2735 incolebantque
2072 2667 2304 2721 Daufitae

660 2776 825 2808 unum
853 2776 882 2809 e
909 2759 1180 2810 montibus
1209 2758 1429 2811 Scherat
1454 2760 1622 2822 dietis,
1648 2761 1739 2829 qui
1763 2761 2015 2812 Tehamae
2040 2762 2302 2815 imminet.

659 2850 932 2903 Ditionem
973 2853 1272 2904 habuerunt
1310 2854 1364 2904 in
1397 2854 1591 2905 finibus
1631 2854 1787 2916 Iraki,
1813 2855 2116 2925 primusque
2141 2874 2206 2907 ex
2231 2857 2304 2908 eis

661 2946 898 3014 regnavit
935 2946 1172 2998 Malecus
1199 2948 1336 2998 filius
1364 2947 1567 3009 Fahmi,
1595 2949 1688 2999 filii
1713 2947 1891 3010 Daufi,
1919 2950 1983 3000 de
2009 2968 2115 3018 quo
2140 2951 2304 3002 locuti

661 3038 836 3090 sumus
873 3041 925 3090 in
965 3042 1137 3110 capite
1163 3050 1368 3110 quart0,
1396 3060 1503 3111 quo
1537 3060 1722 3113 regum
1757 3042 1997 3095 Arabum
2037 3044 2301 3097 historiam
