2498 3575
699 303 806 344 EX
863 303 1404 346 ABULFEDA.

219 473 590 544 Djorhamitae‚
629 492 658 525 e
700 475 891 542 quibus
929 493 1148 525 uxorem
1191 476 1338 526 duxit
1377 475 1580 526 Ismael.
1661 475 1740 526 Ex
1780 475 1877 527 hac

221 570 330 620 nati
358 569 476 620 sunt
503 569 549 619 ei
578 570 858 620 duodecim
884 570 994 630 filii,
1020 571 1156 620 inter
1183 588 1314 638 quos
1349 569 1617 621 Kaidarus.
1663 571 1878 622 Mortua

219 665 291 715 est
324 666 516 715 deinde
557 664 752 734 Agara,
793 674 846 715 et
886 665 940 715 in
982 664 1171 734 Hidjro
1212 664 1411 733 sepulta
1443 667 1547 717 est:
1599 675 1652 716 et
1689 668 1875 717 eodem

219 759 339 810 loco
365 760 504 828 apud
531 777 650 810 eam
677 759 910 827 sepultus
937 760 1008 810 est
1042 759 1246 819 Ismael,
1276 761 1548 828 postquam
1586 761 1691 811 vita
1725 761 1876 812 func-

220 863 305 905 tus
331 855 418 905 est.
501 853 648 905 Inter
680 855 905 906 historiae
941 855 1215 923 scriptores
1252 874 1329 906 res
1363 857 1434 906 est
1472 856 1649 906 multis
1685 857 1878 925 agitata

219 949 600 1009 controversii5‚
625 958 804 1000 utrum
825 949 1177 1019 Djorhamitae
1196 970 1263 1001 an
1289 950 1520 1002 Ilinaelis
1549 952 1641 1001 filii
1672 951 1877 1021 Hidjazi

217 1063 442 1115 regnum
484 1045 769 1096 tenuerint.
849 1045 957 1096 Alii
993 1045 1177 1096 dieunt
1212 1063 1434 1115 regnum
1470 1044 1677 1115 Hidjazi
1717 1064 1876 1115 penes

215 1139 580 1210 Djorhamitas
616 1141 783 1202 fuifl'e,
814 1142 1013 1192 clavem
1055 1160 1179 1192 vero
1218 1143 1342 1193 aedis
1380 1142 1554 1202 sacrae,
1587 1143 1876 1211 templique

216 1236 584 1305 praefecturam
620 1238 760 1304 apud
798 1236 1087 1288 Ismaelitas
1122 1237 1430 1288 remanfifl'e.
1509 1238 1617 1288 Alii
1651 1238 1877 1290 ass'erunt

217 1330 447 1382 Kaidaro
497 1332 739 1383 diadema
783 1332 1087 1401 impositum
1131 1332 1277 1383 fuiss'e
1320 1333 1386 1383 ab
1430 1333 1702 1384 avunculis
1744 1334 1874 1403 ejus,

214 1427 407 1495 eosque
442 1427 591 1478 illurn
627 1445 806 1497 regem
846 1426 1076 1496 Hidjazi,
1105 1429 1188 1479 cui
1220 1428 1514 1488 obedirent,
1543 1429 1873 1481 constituifl'e.

214 1522 482 1574 Caeterum
512 1524 649 1574 inter
669 1542 856 1574 omnes
879 1525 1131 1575 convenit
1154 1524 1323 1575 claves
1346 1525 1567 1585 delubri,
1590 1525 1875 1594 aedituique

215 1636 412 1669 munus
445 1636 609 1687 penes
647 1619 784 1670 filios
825 1618 1060 1670 Ismaelis
1099 1619 1265 1679 fuiss'e,
1301 1620 1470 1671 donec
1511 1637 1706 1670 munus
1747 1620 1874 1671 illud

213 1715 484 1765 deveniret
515 1715 583 1765 ad
614 1713 887 1765 Nabetum
922 1733 987 1765 ex
1026 1713 1258 1766 Ismaelis
1290 1715 1522 1784 posteris.
1602 1714 1719 1765 Post
1748 1733 1870 1766 eum

212 1811 278 1861 ad
313 1808 678 1880 Djorhamitas
713 1811 1022 1861 transsatum
1055 1809 1190 1870 fuit;
1235 1811 1336 1860 hoc
1363 1810 1557 1860 evincit
1584 1810 1759 1861 versus
1787 1811 1872 1862 ille

211 1923 241 1956 e
267 1906 503 1956 carmine
529 1905 838 1975 desumptus
865 1905 1068 1966 Ameri,
1097 1906 1189 1956 filii
1220 1905 1462 1965 Harethi‚
1490 1905 1869 1974 Djorhamitae:

288 2010 489 2056 Fuimus
507 2008 716 2073 praefeeti
737 2008 908 2056 domus
929 2008 1066 2056 saerae
1086 2010 1184 2072 post
1203 2009 1466 2065 Nabetum‚
1484 2008 1701 2071 hancque
1718 2009 1868 2056 aedem

360 2103 753 2157 circumibamus;
792 2119 862 2150 res
887 2103 950 2149 est
975 2101 1227 2149 manifesta.

211 2197 277 2249 In
304 2200 491 2250 eodem
522 2199 757 2250 carmine
784 2199 839 2249 hi
866 2216 1080 2267 quoque
1106 2197 1280 2248 versus
1308 2198 1570 2248 habentur
1592 2217 1602 2247 :

285 2302 478 2349 Diceres
511 2303 750 2349 neminem
776 2304 878 2365 jam
908 2303 999 2348 efle
1026 2301 1342 2364 Hadjounum
1370 2301 1489 2346 inter
1511 2308 1558 2346 et
1583 2299 1756 2356 Safam,
1783 2317 1870 2347 nee

356 2397 448 2442 effe
474 2397 521 2442 in
546 2396 720 2442 Mecea
744 2412 1015 2459 quenquam
1042 2396 1123 2458 qui
1150 2394 1296 2440 noctu
1322 2393 1554 2457 colloquia
1578 2393 1740 2456 agitet.

282 2496 388 2543 Nos
413 2497 578 2559 utique
606 2495 786 2542 fuimus
814 2494 978 2542 incolae
1003 2496 1119 2556 ejus,
1146 2492 1219 2539 sed
1243 2508 1328 2538 nos
1352 2491 1624 2538 deleverunt
1655 2491 1866 2538 noctium

354 2589 704 2647 viciffitudines,
725 2589 1027 2651 fortunaeque
1054 2586 1332 2649 caespitantis
1358 2587 1519 2632 incerti
1547 2587 1716 2649 passus.

208 2685 437 2737 Kaidaro
459 2686 649 2736 deinde
674 2694 827 2736 natus
850 2686 921 2735 est
943 2684 1081 2735 filius
1107 2682 1387 2734 Hamalus:
1419 2681 1676 2732 Hamalus
1696 2682 1862 2732 filium

206 2782 393 2833 habuit
437 2782 699 2842 Nabtum,
736 2781 838 2842 vel,
882 2792 942 2831 ut
984 2780 1088 2839 alii,
1136 2778 1443 2829 Nabetum:
1494 2777 1637 2827 hunc
1677 2777 1865 2826 volunt

205 2878 422 2946 quidam
459 2878 613 2946 ipfius
649 2876 863 2928 Kaidari
902 2876 1050 2926 fuifl'e
1084 2875 1271 2934 filium,
1299 2873 1385 2924 alii
1428 2871 1659 2922 Ismaelis
1692 2871 1861 2922 filium

203 2990 327 3024 eum
355 2974 505 3025 fuiffe
526 2973 771 3034 afferunt,
797 2972 1069 3039 multaque
1096 2971 1168 3020 est
1197 2970 1293 3019 hac
1320 2969 1384 3019 de
1412 2986 1466 3018 re
1493 2966 1859 3018 controverfia.

276 3068 517 3121 Nabetus
564 3070 732 3121 filium
776 3068 962 3119 habuit
1001 3066 1380 3116 Salamanum:
1432 3063 1557 3113 huic
1598 3071 1751 3112 natus
1791 3062 1863 3111 est

994 3154 1016 3187 4
1040 3140 1072 3176 C

1946 1445 1983 1481 P.
2007 1445 2099 1492 482.
