2498 3575
402 1618 440 1653 P.
462 1616 552 1662 462.

391 1673 412 1694 ἱ·
434 1669 645 1718 Legendum

376 1723 466 1758 forte
488 1723 635 1758 Alarze-

378 1775 515 1818 bunum,
536 1789 619 1824 quae

378 1842 447 1865 vox
467 1829 564 1878 apud

379 1881 497 1918 Persas
518 1881 616 1917 sum-

381 1948 482 1971 mum
501 1935 621 1971 Satra-

379 2001 464 2037 pam
487 1988 601 2036 defig-

380 2041 472 2077 nasse
495 2041 646 2077 videtur.

380 2095 471 2130 cod.
495 2094 582 2130 Vat.

382 2148 488 2183 habet

383 2213 551 2277 0³³3*ss
573 2220 583 2250 :

382 2296 453 2319 non
478 2284 584 2320 male.

409 2342 432 2383 †
455 2336 575 2373 Balara
588 2350 648 2373 no-

385 2403 466 2425 men
488 2390 535 2425 est
554 2390 640 2426 Tri-

384 2444 449 2478 bus
473 2444 654 2486 Arabum,

385 2509 467 2544 quae
477 2495 651 2532 Christia-

386 2561 472 2584 nam
489 2549 652 2598 Religio-

386 2614 469 2637 nem
490 2601 638 2651 profite-

386 2655 506 2692 batur.
548 2656 634 2691 vid.

390 2707 529 2756 Specim.
548 2708 637 2757 Hist.

388 2759 496 2796 Arab.
516 2774 552 2810 p.
569 2774 654 2809 141.

389 2813 411 2849 1.
433 2826 490 2863 19.

381 3153 670 3162 *—

1240 310 1746 352 EXCERPTA

682 485 856 536 Hanio
892 495 1149 554 repetenS,
1186 488 1273 554 qui
1314 487 1614 555 respondit:
1658 496 1690 516 “
1716 487 2022 556 Depositum
2062 489 2165 540 est:
2219 507 2315 540 nec

680 590 710 607 “
741 581 818 629 vir
845 581 1102 649 ingenuus
1129 581 1416 648 depositum
1446 582 1670 650 prodit.’'
1712 582 1995 643 Parwizus,
2023 592 2176 651 capto
2201 582 2315 633 No-

682 693 856 735 mano,
880 674 1024 725 Hirae
1051 693 1225 745 regem
1258 676 1307 725 in
1336 676 1565 726 Noniani
1591 677 1765 727 locum
1789 676 2060 727 suffecerat
2081 676 2314 746 Ayasum

681 769 846 818 filium
884 767 1139 829 Kobaisae,
1171 769 1470 838 Tayyitam.
1551 770 1783 838 Ayasum
1828 771 1984 840 igitur
2022 771 2120 821 hac
2160 771 2224 822 de
2264 789 2317 822 re

681 862 938 912 consuluit
974 861 1255 923 Parwizus,
1283 864 1372 931 qui
1412 863 1674 931 respondit
1698 884 1708 914 ε
1752 872 1785 892 “
1813 864 2030 933 Optime
2057 864 2316 915 fa&urum

683 965 715 983 “
745 974 939 1025 regem,
967 956 1002 1006 fi
1029 957 1290 1007 fimularet
1324 957 1374 1007 se
1407 975 1619 1007 omnem
1649 959 1712 1008 de
1739 957 1915 1008 Hanio
1942 958 2051 1008 filio
2078 957 2319 1009 Masoudi

684 1056 717 1077 “
744 1050 1117 1119 cogitationem
1154 1050 1407 1119 abjecisse,
1436 1052 1603 1101 donec
1630 1051 1836 1102 securus
1863 1052 2030 1103 fad'tus
2056 1051 2179 1102 effet
2206 1051 2317 1102 Ha-

684 1151 716 1171 “
747 1143 862 1193 nius
885 1163 896 1193 ε
939 1152 1066 1193 tunc
1091 1161 1233 1204 vero,
1256 1142 1444 1211 inquit,
1467 1162 1587 1194 eum
1614 1145 1986 1213 persequemur
2010 1154 2168 1213 atque
2192 1146 2319 1197 affe-

686 1245 716 1264 “
746 1236 1020 1304 que1nur.''
1086 1237 1350 1287 Parwizus
1376 1237 1551 1306 Ayaso
1578 1238 1842 1306 respondit
1865 1259 1875 1289 :
1919 1246 1952 1267 “
1978 1238 2057 1289 Ex
2083 1239 2322 1308 cognatis

686 1338 719 1358 “
748 1330 848 1380 tuis
883 1331 954 1380 est
987 1329 1190 1380 Hanius
1219 1350 1249 1381 a
1280 1340 1425 1398 parte
1459 1333 1638 1382 matris
1672 1342 1794 1392 tuae,
1826 1341 1878 1383 et
1913 1332 2003 1401 ipfi
2030 1333 2165 1384 bene
2189 1333 2322 1384 velle

687 1433 718 1452 “
749 1443 854 1473 non
882 1424 1120 1474 definiS.''
1188 1423 1335 1474 Dixit
1362 1425 1535 1493 itaque
1561 1425 1781 1495 Ayasus‚
1810 1433 1842 1454 “
1868 1426 2024 1496 Regis
2051 1427 2319 1478 confilium

687 1526 719 1545 “
748 1519 1071 1585 praestantius
1097 1518 1219 1568 est.'’
1285 1518 1427 1569 Mifit
1457 1519 1615 1588 igitur
1640 1519 1902 1570 Parwizus
1930 1519 2320 1582 Hardezanum,

689 1630 808 1662 cum
838 1612 1039 1661 duobus
1076 1612 1349 1662 millibus*
1378 1611 1663 1673 Persarum,
1691 1614 1877 1664 additis
1903 1614 2060 1664 etiam
2090 1615 2231 1665 mille
2256 1633 2320 1665 ex

689 1706 916 1756 Bahra†.
993 1704 1149 1759 Quod
1177 1724 1294 1756 cum
1325 1707 1689 1774 comperissent
1716 1707 1936 1759 Becritae
1962 1707 2176 1777 Wayeli
2202 1708 2320 1777 pos-

690 1801 801 1858 teri,
837 1801 890 1850 in
928 1800 1102 1850 locum
1136 1802 1397 1867 quendam
1438 1801 1602 1858 vallis,
1644 1819 1761 1869 quae
1795 1800 2079 1852 Dhou-lsar
2115 1802 2321 1862 dicitur,

689 1903 962 1953 venerunt,
991 1902 1043 1943 et
1077 1895 1236 1944 castra
1270 1894 1341 1944 ibi
1378 1894 1698 1962 posuerunt:
1739 1904 1791 1945 et
1817 1895 1908 1945 ubi
1940 1896 2062 1946 illuc
2097 1897 2321 1947 advene·
2360 1935 2364 1952 ξ

690 1997 813 2038 runt
848 1987 1029 2047 Persae,
1057 2005 1179 2037 cum
1220 1988 1316 2038 illis
1358 2006 1542 2038 manus
1575 1989 1876 2056 aliquandiu
1913 1989 2320 2041 conseruerunt:

693 2100 815 2131 mox
841 2082 1060 2149 turpiter
1085 2081 1249 2150 fugati
1277 2081 1395 2132 sunt
1420 2081 1583 2133 Persae
1606 2103 1615 2132 :
1669 2083 1939 2151 multaque
1964 2085 2163 2134 exstant
2189 2083 2321 2135 Ara·
2384 2090 2386 2093 ’

690 2176 817 2225 bum
846 2176 909 2225 de
935 2176 1087 2244 hujus
1114 2176 1213 2226 diei
1240 2177 1393 2226 rebus
1418 2177 1568 2245 gestis
1593 2176 1857 2227 Carmina.

841 2391 951 2462 [Ex
973 2392 1140 2461 capite
1160 2394 1352 2464 quintO,
1375 2394 1511 2465 quod
1533 2393 1602 2463 ‘st
1626 2394 1690 2446 de
1716 2394 1871 2446 variis
1891 2393 2172 2466 gentibus]
2227 2397 2229 2400 ’

1309 2558 1395 2624 De
1422 2571 1706 2624 Berberisa.

767 2736 851 2788 De
887 2737 1124 2790 Berberis
1158 2740 1332 2809 plures
1359 2739 1477 2789 sunt
1502 2747 1554 2789 et
1581 2739 1806 2790 multum
1835 2739 2181 2808 discrepantes
2207 2741 2321 2792 sen-

659 2867 663 2871 -
697 2832 890 2882 tentiae.
969 2832 1197 2886 Quidam
1231 2833 1417 2883 volunt
1449 2850 1537 2883 eos
1569 2851 1598 2884 e
1631 2833 1844 2902 posteris
1874 2833 1974 2883 effe
2010 2834 2207 2896 Fareki,
2235 2835 2324 2903 qui

751 2974 764 2991 ¹
786 2969 883 3006 Quae
904 2970 1105 3020 sequuntur
1123 2985 1165 3007 ex
1186 2972 1308 3008 codice
1327 2972 1559 3021 autographo
1573 2971 1764 3021 desumpta
1780 2971 1875 3014 sunt,
1890 2970 1948 3008 sed
1963 2985 2036 3009 non
2051 2974 2097 3009 ab
2112 2972 2190 3023 ipso
2204 2974 2324 3011 Abul-

696 3043 778 3080 feda
799 3044 942 3093 scripta.
988 3046 1127 3082 Manus
1147 3046 1271 3081 eadem
1293 3045 1341 3081 est
1361 3059 1444 3094 quae
1464 3045 1667 3095 deperditas
1688 3046 1908 3095 autographi
1929 3046 2079 3083 lacinias
2101 3046 2295 3097 supplevit.
