2498 3575
428 320 531 373 550

1230 300 1743 344 EXCERPTA

1073 517 1302 587 Defiliis
1331 516 1697 589 Himyarifiliz‘
1724 516 1896 568 Sabae.

739 663 783 714 E
810 663 1023 731 posteris
1057 664 1206 715 Sabae
1246 664 1367 715 sunt
1399 664 1605 715 Tobbai
1631 662 1885 714 Yemanae
1907 680 2076 733 ·regeS‚
2104 663 2169 713 de
2194 662 2310 730 qui-

668 760 763 808 bus
790 759 843 808 in
870 759 1040 827 capite
1066 768 1254 827 quarto
1280 759 1524 809 diximus.

740 853 874 904 Sunt
904 854 1062 904 etiam
1103 871 1132 904 e
1163 854 1281 904 filiis
1318 853 1466 904 Sabae
1504 852 1801 910 Kodhaitae,
1830 852 1921 920 qui
1954 860 2193 903 autorem
2219 869 2311 922 ag-

667 947 890 998 noscunt
918 946 1197 998 Kodhaam
1233 948 1400 998 filium
1436 947 1648 1008 Maleci,
1675 947 1766 998 filii
1794 946 1962 1007 Sabae,
1988 946 2091 1007 vel,
2116 954 2178 997 ut
2201 946 2313 997 aliis

664 1042 853 1109 placet,
883 1040 1161 1093 Kodhaam
1199 1042 1364 1092 filium
1405 1041 1617 1102 Maleci,
1645 1040 1738 1091 filii
1772 1041 1944 1101 Amri,
1971 1041 2064 1091 filii
2097 1039 2313 1102 Morrae,

663 1137 757 1186 filii
785 1135 951 1197 Zeidi,
979 1136 1072 1186 filii
1099 1136 1310 1196 Maleci,
1338 1136 1429 1186 filii
1457 1135 1721 1204 Himyari‚
1748 1136 1842 1186 filii
1869 1136 2035 1186 Sabae.
2094 1134 2316 1187 Kodhaa

665 1230 756 1282 iste
783 1231 1009 1282 tractum
1044 1230 1254 1282 Schihri
1288 1231 1594 1299 possidebat,
1622 1240 1675 1281 et
1701 1230 1997 1299 sepulcrum
2023 1231 2136 1300 ejus
2161 1231 2234 1282 est
2258 1231 2313 1281 in

667 1333 850 1376 monte
877 1324 1081 1376 Schihr.

739 1419 826 1471 Ad
869 1418 1158 1470 Kodhaitas
1191 1438 1403 1488 quoque
1444 1420 1713 1488 pertinent
1745 1420 1982 1478 Calbitae‚
2018 1419 2112 1470 filii
2144 1418 2313 1481 Ca1bi,

666 1515 757 1583 qui
783 1523 930 1583 patre
957 1523 1110 1565 natus
1135 1516 1208 1566 est
1230 1514 1436 1565 Wabra
1469 1515 1577 1565 filio
1607 1515 1878 1575 Thalebae,
1906 1515 2014 1566 filio
2041 1514 2313 1577 Holwani,

665 1609 759 1660 filii
784 1608 1026 1670 Amrani,
1051 1610 1141 1660 filii
1168 1609 1364 1670 Alhafi,
1392 1610 1485 1660 filii
1513 1608 1767 1660 Kodhaae.
1817 1609 2169 1678 Temporibus
2195 1610 2314 1661 eth-

668 1704 872 1755 nicismi
894 1704 1196 1755 incolebant
1216 1704 1435 1755 Calbitae
1459 1705 1644 1755 urbem
1669 1704 2313 1774 Doumat-aldjondalum‚

664 1807 720 1849 et
744 1797 1083 1859 Taboukum‚
1110 1807 1164 1849 et
1192 1799 1385 1849 limites
1420 1798 1600 1867 Syriae.
1680 1797 1828 1850 Inter
1852 1798 2082 1850 Calbitas
2109 1799 2315 1851 illustris

662 1895 740 1944 est
767 1893 1024 1963 Zohairus
1050 1893 1188 1944 filius
1216 1892 1460 1943 Khababi
1482 1892 1704 1953 Calbita,
1727 1894 1875 1963 cujus
1897 1894 2142 1945 meminit
2162 1903 2316 1945 autor

668 1989 786 2039 libri
807 1987 1002 2059 Agani,
1027 1996 1080 2038 et
1105 1987 1280 2038 versus
1305 1988 1533 2038 adducit.
1611 1987 1698 2038 Ad
1725 1988 1821 2038 hos
1848 2006 2061 2056 quoque
2084 1989 2315 2058 pertinet

672 2083 928 2134 Zohairus
954 2083 1091 2133 filius
1118 2082 1354 2133 Schariki
1381 2081 1603 2145 Calbita,
1631 2083 1778 2152 cujus
1804 2082 1925 2133 sunt
1951 2083 2007 2133 hi
2030 2083 2236 2135 versus:

743 2186 901 2233 Primo
929 2201 1067 2232 mane
1093 2185 1243 2232 statim
1270 2185 1439 2231 Asmaa
1462 2186 1624 2232 vinum
1652 2186 1870 2232 conviciis
1893 2185 2156 2244 insectatur,
2181 2186 2315 2239 dicit-

816 2294 907 2341 que
933 2294 1008 2323 me
1029 2277 1279 2324 dementiae
1304 2285 1508 2323 tutorem
1529 2277 1694 2325 datum
1714 2296 1726 2324 z

744 2376 810 2422 At
824 2392 914 2439 ego
930 2375 1007 2439 ipsi
1023 2375 1138 2421 dixi:
1161 2375 1279 2421 “Ab
1295 2376 1721 2438 exprobrationibus
1737 2376 1831 2422 tuis
1845 2383 1891 2422 te
1906 2376 2153 2422 abstineas:
2177 2383 2318 2439 atque

818 2473 849 2494 ‘⁶
874 2470 1004 2532 potui
1030 2485 1115 2514 nos
1139 2468 1378 2532 indulgere
1411 2468 1538 2514 fine:
1576 2467 1782 2531 alioquin
1814 2485 1840 2515 a
1870 2484 1947 2515 me
1978 2468 2156 2527 recede,
2182 2467 2319 2515 satius

822 2564 853 2585 ‘⁶
878 2562 941 2607 est
964 2561 1088 2607 enim
1114 2577 1190 2606 me
1213 2549 1423 2607 caelibem
1454 2561 1642 2608 vivere.”

673 2655 759 2706 Ad
785 2673 873 2706 eos
901 2673 1111 2723 quoque
1142 2656 1371 2724 pertinet
1405 2654 1643 2706 Haretha
1667 2655 1888 2714 Calbita,
1917 2656 2006 2724 qui
2039 2664 2190 2724 pater
2217 2655 2319 2707 fuit

678 2749 842 2810 Zeidi,
870 2750 963 2800 filii
989 2749 1259 2810 Harethae,
1286 2750 1459 2800 liberti
1483 2751 1773 2819 prophetae.
1844 2749 2095 2818 Captivus
2122 2750 2318 2820 quippe

675 2843 841 2895 sacius
860 2843 1028 2893 fuerat
1054 2843 1140 2893 ille
1160 2843 1356 2894 Zeidus
1383 2853 1622 2912 tempore
1640 2844 1957 2905 ethnicismi,
1980 2853 2032 2895 et
2053 2844 2106 2894 in
2127 2844 2317 2912 poss‘es-

675 2937 871 2988 fionem
895 2938 1174 2988 devenerat
1201 2936 1477 3007 Khadidjae
1500 2939 1676 2989 uxoris
1701 2939 1993 3007 prophetae,
2017 2956 2139 2989 cum
2168 2940 2318 2990 datus

676 3031 767 3100 ipfi
794 3031 967 3082 fuisset
992 3049 1020 3082 a
1046 3031 1320 3100 propheta.
1376 3031 1822 3083 Ebn-Abdalbarr
1845 3032 1902 3082 in
1926 3030 2086 3082 Libro
2112 3030 2203 3082 suo
2228 3032 2318 3101 qui
