<?xml version="1.0" encoding="UTF-8"?>
<!DOCTYPE html PUBLIC "-//W3C//DTD XHTML 1.0 Transitional//EN"
    "http://www.w3.org/TR/xhtml1/DTD/xhtml1-transitional.dtd">
<html xmlns="http://www.w3.org/1999/xhtml" xml:lang="en" lang="en">
 <head>
  <title>
</title>
<meta http-equiv="Content-Type" content="text/html;charset=utf-8" />
  <meta name='ocr-system' content='tesseract 3.04.00' />
  <meta name='ocr-capabilities' content='ocr_page ocr_carea ocr_par ocr_line ocrx_word'/>
</head>
<body>
  <div class='ocr_page' id='page_1' title='image "./specimenhistoria00pocouoft_0156.png"; bbox 0 0 2498 3575; ppageno 0'>
   <div class='ocr_carea' id='block_1_1' title="bbox 306 244 2351 321">
    <p class='ocr_par' dir='ltr' id='par_1_1' title="bbox 306 244 2351 321">
     <span class='ocr_line' id='line_1_1' title="bbox 306 244 2351 321; baseline 0 3254"><span class='ocrx_word' id='word_1_1' title='bbox 306 244 2351 321; x_wconf 95' lang='lat' dir='ltr'> </span> 
     </span>
    </p>
   </div>
   <div class='ocr_carea' id='block_1_2' title="bbox 434 355 530 407">
    <p class='ocr_par' dir='ltr' id='par_1_2' title="bbox 434 355 530 407">
     <span class='ocr_line' id='line_1_2' title="bbox 434 355 530 407; baseline 0 -19"><span class='ocrx_word' id='word_1_2' title='bbox 434 355 530 407; x_wconf 86' lang='lat'>¹30</span> 
     </span>
    </p>
   </div>
   <div class='ocr_carea' id='block_1_3' title="bbox 357 454 621 461">
    <p class='ocr_par' dir='ltr' id='par_1_3' title="bbox 357 454 621 461">
     <span class='ocr_line' id='line_1_3' title="bbox 357 454 621 461; baseline 0 3114"><span class='ocrx_word' id='word_1_3' title='bbox 357 454 621 461; x_wconf 95' lang='lat' dir='ltr'> </span> 
     </span>
    </p>
   </div>
   <div class='ocr_carea' id='block_1_4' title="bbox 1279 340 1688 386">
    <p class='ocr_par' dir='ltr' id='par_1_4' title="bbox 1279 340 1688 386">
     <span class='ocr_line' id='line_1_4' title="bbox 1279 340 1688 386; baseline 0.002 -2"><span class='ocrx_word' id='word_1_4' title='bbox 1279 340 1688 386; x_wconf 89' lang='lat' dir='ltr'><strong>NOTAE.</strong></span> 
     </span>
    </p>
   </div>
   <div class='ocr_carea' id='block_1_5' title="bbox 671 519 2296 591">
    <p class='ocr_par' dir='ltr' id='par_1_5' title="bbox 671 519 2296 591">
     <span class='ocr_line' id='line_1_5' title="bbox 671 519 2296 591; baseline 0.001 -20"><span class='ocrx_word' id='word_1_5' title='bbox 671 530 707 552; x_wconf 87' lang='lat'><strong>“</strong></span> <span class='ocrx_word' id='word_1_6' title='bbox 749 519 871 571; x_wconf 91' lang='lat' dir='ltr'>sacri</span> <span class='ocrx_word' id='word_1_7' title='bbox 908 520 981 572; x_wconf 87' lang='lat' dir='ltr'>est</span> <span class='ocrx_word' id='word_1_8' title='bbox 1012 519 1382 591; x_wconf 87' lang='lat' dir='ltr'>hemicyclium</span> <span class='ocrx_word' id='word_1_9' title='bbox 1420 519 1618 588; x_wconf 72' lang='lat' dir='ltr'><em>Abbcfi,</em></span> <span class='ocrx_word' id='word_1_10' title='bbox 1655 534 1707 572; x_wconf 92' lang='lat' dir='ltr'>et</span> <span class='ocrx_word' id='word_1_11' title='bbox 1732 533 1916 591; x_wconf 88' lang='lat' dir='ltr'>puteus</span> <span class='ocrx_word' id='word_1_12' title='bbox 1955 523 2215 581; x_wconf 82' lang='lat' dir='ltr'>Zamzam,</span> <span class='ocrx_word' id='word_1_13' title='bbox 2243 531 2296 572; x_wconf 88' lang='lat' dir='ltr'>et</span> 
     </span>
    </p>
   </div>
   <div class='ocr_carea' id='block_1_6' title="bbox 669 625 704 646">
    <p class='ocr_par' dir='ltr' id='par_1_6' title="bbox 669 625 704 646">
     <span class='ocr_line' id='line_1_6' title="bbox 669 625 704 646; baseline 0 0"><span class='ocrx_word' id='word_1_14' title='bbox 669 625 704 646; x_wconf 74' lang='lat'>(6</span> 
     </span>
    </p>
   </div>
   <div class='ocr_carea' id='block_1_7' title="bbox 744 613 2295 686">
    <p class='ocr_par' dir='ltr' id='par_1_7' title="bbox 744 613 2295 686">
     <span class='ocr_line' id='line_1_7' title="bbox 744 613 2295 686; baseline 0.001 -21"><span class='ocrx_word' id='word_1_15' title='bbox 744 614 1114 686; x_wconf 89' lang='lat' dir='ltr'>hemicyclium</span> <span class='ocrx_word' id='word_1_16' title='bbox 1141 614 1362 686; x_wconf 82' lang='lat' dir='ltr'><em>Judaeae.</em></span> <span class='ocrx_word' id='word_1_17' title='bbox 1427 616 1584 686; x_wconf 86' lang='lat' dir='ltr'>Qod</span> <span class='ocrx_word' id='word_1_18' title='bbox 1618 628 1792 667; x_wconf 87' lang='lat' dir='ltr'>autem</span> <span class='ocrx_word' id='word_1_19' title='bbox 1819 613 2104 666; x_wconf 82' lang='lat' dir='ltr'>AlCaczbam</span> <span class='ocrx_word' id='word_1_20' title='bbox 2130 627 2295 667; x_wconf 90' lang='lat' dir='ltr'>totam</span> 
     </span>
    </p>
   </div>
   <div class='ocr_carea' id='block_1_8' title="bbox 667 710 2293 782">
    <p class='ocr_par' dir='ltr' id='par_1_8' title="bbox 667 710 2293 782">
     <span class='ocr_line' id='line_1_8' title="bbox 667 710 2293 782; baseline 0.001 -22"><span class='ocrx_word' id='word_1_21' title='bbox 667 719 704 740; x_wconf 90' lang='lat'><strong>“</strong></span> <span class='ocrx_word' id='word_1_22' title='bbox 744 710 902 761; x_wconf 90' lang='lat' dir='ltr'>ambit</span> <span class='ocrx_word' id='word_1_23' title='bbox 929 710 1001 762; x_wconf 94' lang='lat' dir='ltr'>est</span> <span class='ocrx_word' id='word_1_24' title='bbox 1022 710 1241 781; x_wconf 89' lang='lat' dir='ltr'>septum,</span> <span class='ocrx_word' id='word_1_25' title='bbox 1270 711 1322 762; x_wconf 92' lang='lat' dir='ltr'>in</span> <span class='ocrx_word' id='word_1_26' title='bbox 1350 729 1454 781; x_wconf 90' lang='lat' dir='ltr'>quo</span> <span class='ocrx_word' id='word_1_27' title='bbox 1481 714 1634 762; x_wconf 59' lang='lat' dir='ltr'>nodtu</span> <span class='ocrx_word' id='word_1_28' title='bbox 1661 710 2011 762; x_wconf 89' lang='lat' dir='ltr'>accenduntur</span> <span class='ocrx_word' id='word_1_29' title='bbox 2035 710 2293 782; x_wconf 87' lang='lat' dir='ltr'>lampades</span> 
     </span>
    </p>
   </div>
   <div class='ocr_carea' id='block_1_9' title="bbox 667 804 2293 876">
    <p class='ocr_par' dir='ltr' id='par_1_9' title="bbox 667 804 2293 876">
     <span class='ocr_line' id='line_1_9' title="bbox 667 804 2293 876; baseline 0.001 -20"><span class='ocrx_word' id='word_1_30' title='bbox 667 814 703 836; x_wconf 92' lang='lat'><strong>“</strong></span> <span class='ocrx_word' id='word_1_31' title='bbox 742 824 799 856; x_wconf 91' lang='lat' dir='ltr'>ac</span> <span class='ocrx_word' id='word_1_32' title='bbox 823 804 974 857; x_wconf 81' lang='lat' dir='ltr'>faceS.</span> <span class='ocrx_word' id='word_1_33' title='bbox 1044 807 1203 857; x_wconf 90' lang='lat' dir='ltr'>Porro</span> <span class='ocrx_word' id='word_1_34' title='bbox 1236 805 1489 857; x_wconf 74' lang='lat' dir='ltr'>AlCaabae</span> <span class='ocrx_word' id='word_1_35' title='bbox 1526 806 1640 857; x_wconf 87' lang='lat' dir='ltr'>bina</span> <span class='ocrx_word' id='word_1_36' title='bbox 1671 806 1782 857; x_wconf 91' lang='lat' dir='ltr'>sunt</span> <span class='ocrx_word' id='word_1_37' title='bbox 1816 807 1967 866; x_wconf 69' lang='lat' dir='ltr'>tecta,</span> <span class='ocrx_word' id='word_1_38' title='bbox 2004 824 2032 856; x_wconf 90' lang='lat' dir='ltr'>a</span> <span class='ocrx_word' id='word_1_39' title='bbox 2069 823 2293 876; x_wconf 90' lang='lat' dir='ltr'>quorum</span> 
     </span>
    </p>
   </div>
   <div class='ocr_carea' id='block_1_10' title="bbox 665 895 2292 972">
    <p class='ocr_par' dir='ltr' id='par_1_10' title="bbox 665 895 2292 972">
     <span class='ocr_line' id='line_1_10' title="bbox 665 895 2292 972; baseline 0 -21"><span class='ocrx_word' id='word_1_40' title='bbox 665 909 702 931; x_wconf 91' lang='lat'><strong>“</strong></span> <span class='ocrx_word' id='word_1_41' title='bbox 741 901 980 970; x_wconf 85' lang='lat' dir='ltr'>superiori</span> <span class='ocrx_word' id='word_1_42' title='bbox 1004 919 1134 971; x_wconf 88' lang='lat' dir='ltr'>aqua</span> <span class='ocrx_word' id='word_1_43' title='bbox 1153 901 1434 953; x_wconf 85' lang='lat' dir='ltr'>effunditur</span> <span class='ocrx_word' id='word_1_44' title='bbox 1459 913 1602 953; x_wconf 86' lang='lat' dir='ltr'>extra</span> <span class='ocrx_word' id='word_1_45' title='bbox 1628 901 1841 953; x_wconf 90' lang='lat' dir='ltr'>domum</span> <span class='ocrx_word' id='word_1_46' title='bbox 1865 920 1957 972; x_wconf 93' lang='lat' dir='ltr'>per</span> <span class='ocrx_word' id='word_1_47' title='bbox 1981 895 2166 970; x_wconf 63' lang='grc' dir='ltr'><strong><em>ὑὸροχὸην</em></strong></span> <span class='ocrx_word' id='word_1_48' title='bbox 2190 900 2292 972; x_wconf 88' lang='lat' dir='ltr'>lig-</span> 
     </span>
    </p>
   </div>
   <div class='ocr_carea' id='block_1_11' title="bbox 664 994 2292 1067">
    <p class='ocr_par' dir='ltr' id='par_1_11' title="bbox 664 994 2292 1067">
     <span class='ocr_line' id='line_1_11' title="bbox 664 994 2292 1067; baseline 0 -21"><span class='ocrx_word' id='word_1_49' title='bbox 664 1004 700 1025; x_wconf 90' lang='lat'><strong>“</strong></span> <span class='ocrx_word' id='word_1_50' title='bbox 741 1014 907 1056; x_wconf 89' lang='lat' dir='ltr'>neam,</span> <span class='ocrx_word' id='word_1_51' title='bbox 937 996 1006 1047; x_wconf 90' lang='lat' dir='ltr'>ita</span> <span class='ocrx_word' id='word_1_52' title='bbox 1034 1009 1090 1047; x_wconf 91' lang='lat' dir='ltr'>ut</span> <span class='ocrx_word' id='word_1_53' title='bbox 1116 996 1318 1047; x_wconf 87' lang='lat' dir='ltr'>decidat</span> <span class='ocrx_word' id='word_1_54' title='bbox 1345 998 1397 1047; x_wconf 93' lang='lat' dir='ltr'>in</span> <span class='ocrx_word' id='word_1_55' title='bbox 1425 996 1648 1067; x_wconf 88' lang='lat' dir='ltr'>lapidem</span> <span class='ocrx_word' id='word_1_56' title='bbox 1674 1014 1833 1067; x_wconf 93' lang='lat' dir='ltr'>quem</span> <span class='ocrx_word' id='word_1_57' title='bbox 1869 996 2092 1047; x_wconf 85' lang='lat' dir='ltr'>diximus</span> <span class='ocrx_word' id='word_1_58' title='bbox 2120 994 2292 1066; x_wconf 90' lang='lat' dir='ltr'>sepul-</span> 
     </span>
    </p>
   </div>
   <div class='ocr_carea' id='block_1_12' title="bbox 662 1089 2296 1162">
    <p class='ocr_par' dir='ltr' id='par_1_12' title="bbox 662 1089 2296 1162">
     <span class='ocr_line' id='line_1_12' title="bbox 662 1089 2296 1162; baseline 0.001 -22"><span class='ocrx_word' id='word_1_59' title='bbox 662 1100 697 1120; x_wconf 90' lang='lat'><strong>“</strong></span> <span class='ocrx_word' id='word_1_60' title='bbox 738 1089 923 1141; x_wconf 91' lang='lat' dir='ltr'>chrum</span> <span class='ocrx_word' id='word_1_61' title='bbox 961 1090 1170 1161; x_wconf 62' lang='lat' dir='ltr'>Istnaelzlc</span> <span class='ocrx_word' id='word_1_62' title='bbox 1207 1091 1416 1143; x_wconf 90' lang='lat' dir='ltr'>censeri.</span> <span class='ocrx_word' id='word_1_63' title='bbox 1486 1093 1689 1143; x_wconf 90' lang='lat' dir='ltr'>Domus</span> <span class='ocrx_word' id='word_1_64' title='bbox 1725 1104 1899 1143; x_wconf 89' lang='lat' dir='ltr'>autem</span> <span class='ocrx_word' id='word_1_65' title='bbox 1931 1109 2044 1162; x_wconf 89' lang='lat' dir='ltr'>pars</span> <span class='ocrx_word' id='word_1_66' title='bbox 2069 1091 2296 1142; x_wconf 83' lang='lat' dir='ltr'>exterior</span> 
     </span>
    </p>
   </div>
   <div class='ocr_carea' id='block_1_13' title="bbox 662 1185 2294 1257">
    <p class='ocr_par' dir='ltr' id='par_1_13' title="bbox 662 1185 2294 1257">
     <span class='ocr_line' id='line_1_13' title="bbox 662 1185 2294 1257; baseline 0.002 -23"><span class='ocrx_word' id='word_1_67' title='bbox 662 1194 696 1215; x_wconf 90' lang='lat'><strong>“</strong></span> <span class='ocrx_word' id='word_1_68' title='bbox 738 1197 843 1235; x_wconf 87' lang='lat' dir='ltr'>tota</span> <span class='ocrx_word' id='word_1_69' title='bbox 871 1186 1090 1237; x_wconf 88' lang='lat' dir='ltr'>vestibus</span> <span class='ocrx_word' id='word_1_70' title='bbox 1118 1205 1145 1237; x_wconf 91' lang='lat' dir='ltr'>e</span> <span class='ocrx_word' id='word_1_71' title='bbox 1173 1187 1330 1238; x_wconf 88' lang='lat' dir='ltr'>serico</span> <span class='ocrx_word' id='word_1_72' title='bbox 1358 1186 1606 1255; x_wconf 68' lang='lat' dir='ltr'>EracieJfi</span> <span class='ocrx_word' id='word_1_73' title='bbox 1626 1185 1868 1238; x_wconf 64' lang='lat' dir='ltr'>confectis</span> <span class='ocrx_word' id='word_1_74' title='bbox 1902 1186 2183 1257; x_wconf 85' lang='lat' dir='ltr'>obtegitur,</span> <span class='ocrx_word' id='word_1_75' title='bbox 2223 1187 2294 1238; x_wconf 89' lang='lat' dir='ltr'>ita</span> 
     </span>
    </p>
   </div>
   <div class='ocr_carea' id='block_1_14' title="bbox 661 1281 2292 1352">
    <p class='ocr_par' dir='ltr' id='par_1_14' title="bbox 661 1281 2292 1352">
     <span class='ocr_line' id='line_1_14' title="bbox 661 1281 2292 1352; baseline 0.001 -22"><span class='ocrx_word' id='word_1_76' title='bbox 661 1289 697 1310; x_wconf 89' lang='lat'><strong>“</strong></span> <span class='ocrx_word' id='word_1_77' title='bbox 739 1293 795 1330; x_wconf 91' lang='lat' dir='ltr'>ut</span> <span class='ocrx_word' id='word_1_78' title='bbox 822 1281 960 1331; x_wconf 87' lang='lat' dir='ltr'>nulla</span> <span class='ocrx_word' id='word_1_79' title='bbox 989 1281 1098 1350; x_wconf 90' lang='lat' dir='ltr'>ejus</span> <span class='ocrx_word' id='word_1_80' title='bbox 1127 1300 1240 1352; x_wconf 85' lang='lat' dir='ltr'>pars</span> <span class='ocrx_word' id='word_1_81' title='bbox 1268 1282 1428 1333; x_wconf 89' lang='lat' dir='ltr'>oculis</span> <span class='ocrx_word' id='word_1_82' title='bbox 1453 1294 1644 1352; x_wconf 86' lang='lat' dir='ltr'>pateat.</span> <span class='ocrx_word' id='word_1_83' title='bbox 1693 1281 1933 1333; x_wconf 90' lang='lat' dir='ltr'>Altitudo</span> <span class='ocrx_word' id='word_1_84' title='bbox 1956 1281 2139 1332; x_wconf 91' lang='lat' dir='ltr'>domus</span> <span class='ocrx_word' id='word_1_85' title='bbox 2164 1299 2292 1352; x_wconf 88' lang='lat' dir='ltr'>prae-</span> 
     </span>
    </p>
   </div>
   <div class='ocr_carea' id='block_1_15' title="bbox 660 1375 2292 1446">
    <p class='ocr_par' dir='ltr' id='par_1_15' title="bbox 660 1375 2292 1446">
     <span class='ocr_line' id='line_1_15' title="bbox 660 1375 2292 1446; baseline 0.001 -21"><span class='ocrx_word' id='word_1_86' title='bbox 660 1384 695 1404; x_wconf 94' lang='lat'><strong>“</strong></span> <span class='ocrx_word' id='word_1_87' title='bbox 736 1375 883 1426; x_wconf 69' lang='lat' dir='ltr'>dictae</span> <span class='ocrx_word' id='word_1_88' title='bbox 914 1393 979 1446; x_wconf 90' lang='lat'>27</span> <span class='ocrx_word' id='word_1_89' title='bbox 1021 1377 1316 1428; x_wconf 88' lang='lat' dir='ltr'>cubitorum</span> <span class='ocrx_word' id='word_1_90' title='bbox 1351 1377 1440 1428; x_wconf 90' lang='lat' dir='ltr'>est.</span> <span class='ocrx_word' id='word_1_91' title='bbox 1511 1377 1689 1429; x_wconf 87' lang='lat' dir='ltr'>Vestes</span> <span class='ocrx_word' id='word_1_92' title='bbox 1717 1389 1892 1428; x_wconf 86' lang='lat' dir='ltr'>autem</span> <span class='ocrx_word' id='word_1_93' title='bbox 1920 1377 2025 1428; x_wconf 85' lang='lat' dir='ltr'>istae</span> <span class='ocrx_word' id='word_1_94' title='bbox 2049 1376 2122 1427; x_wconf 92' lang='lat' dir='ltr'>illi</span> <span class='ocrx_word' id='word_1_95' title='bbox 2146 1375 2292 1427; x_wconf 88' lang='lat' dir='ltr'>unci-</span> 
     </span>
    </p>
   </div>
   <div class='ocr_carea' id='block_1_16' title="bbox 661 1470 2294 1544">
    <p class='ocr_par' dir='ltr' id='par_1_16' title="bbox 661 1470 2294 1544">
     <span class='ocr_line' id='line_1_16' title="bbox 661 1470 2294 1544; baseline 0.002 -24"><span class='ocrx_word' id='word_1_96' title='bbox 661 1479 695 1500; x_wconf 93' lang='lat'><strong>“</strong></span> <span class='ocrx_word' id='word_1_97' title='bbox 736 1470 866 1522; x_wconf 89' lang='lat' dir='ltr'>nulis</span> <span class='ocrx_word' id='word_1_98' title='bbox 907 1485 957 1522; x_wconf 90' lang='lat' dir='ltr'>et</span> <span class='ocrx_word' id='word_1_99' title='bbox 997 1471 1300 1542; x_wconf 88' lang='lat' dir='ltr'>spinteribus</span> <span class='ocrx_word' id='word_1_100' title='bbox 1340 1472 1570 1544; x_wconf 88' lang='lat' dir='ltr'>appensae</span> <span class='ocrx_word' id='word_1_101' title='bbox 1614 1472 1762 1524; x_wconf 89' lang='lat' dir='ltr'>sunt:</span> <span class='ocrx_word' id='word_1_102' title='bbox 1810 1473 1973 1523; x_wconf 90' lang='lat' dir='ltr'>mittit</span> <span class='ocrx_word' id='word_1_103' title='bbox 2019 1472 2294 1543; x_wconf 85' lang='lat' dir='ltr'>quotannis</span> 
     </span>
    </p>
   </div>
   <div class='ocr_carea' id='block_1_17' title="bbox 659 1563 2294 1639">
    <p class='ocr_par' dir='ltr' id='par_1_17' title="bbox 659 1563 2294 1639">
     <span class='ocr_line' id='line_1_17' title="bbox 659 1563 2294 1639; baseline 0.002 -24"><span class='ocrx_word' id='word_1_104' title='bbox 659 1574 695 1595; x_wconf 88' lang='lat'><strong>“</strong></span> <span class='ocrx_word' id='word_1_105' title='bbox 736 1563 964 1635; x_wconf 76' lang='lat' dir='ltr'>Bag-dadi</span> <span class='ocrx_word' id='word_1_106' title='bbox 997 1567 1250 1619; x_wconf 86' lang='lat' dir='ltr'>Dominus</span> <span class='ocrx_word' id='word_1_107' title='bbox 1297 1569 1411 1639; x_wconf 87' lang='lat' dir='ltr'>(qui</span> <span class='ocrx_word' id='word_1_108' title='bbox 1439 1569 1592 1619; x_wconf 88' lang='lat' dir='ltr'>titulo</span> <span class='ocrx_word' id='word_1_109' title='bbox 1622 1567 1831 1638; x_wconf 73' lang='lat' dir='ltr'>Clzalffae</span> <span class='ocrx_word' id='word_1_110' title='bbox 1857 1567 2072 1638; x_wconf 89' lang='lat' dir='ltr'>gaudet)</span> <span class='ocrx_word' id='word_1_111' title='bbox 2117 1585 2294 1628; x_wconf 86' lang='lat' dir='ltr'>novas,</span> 
     </span>
    </p>
   </div>
   <div class='ocr_carea' id='block_1_18' title="bbox 659 1661 2292 1734">
    <p class='ocr_par' dir='ltr' id='par_1_18' title="bbox 659 1661 2292 1734">
     <span class='ocr_line' id='line_1_18' title="bbox 659 1661 2292 1734; baseline 0.002 -23"><span class='ocrx_word' id='word_1_112' title='bbox 659 1670 695 1691; x_wconf 92' lang='lat'><strong>“</strong></span> <span class='ocrx_word' id='word_1_113' title='bbox 735 1661 942 1731; x_wconf 79' lang='lat' dir='ltr'>quibuS‚</span> <span class='ocrx_word' id='word_1_114' title='bbox 983 1663 1219 1714; x_wconf 67' lang='lat' dir='ltr'>detractis</span> <span class='ocrx_word' id='word_1_115' title='bbox 1246 1664 1525 1725; x_wconf 80' lang='lat' dir='ltr'>veteribuS‚</span> <span class='ocrx_word' id='word_1_116' title='bbox 1566 1663 1868 1734; x_wconf 86' lang='lat' dir='ltr'>obtegitur;</span> <span class='ocrx_word' id='word_1_117' title='bbox 1908 1681 2003 1714; x_wconf 92' lang='lat' dir='ltr'>nec</span> <span class='ocrx_word' id='word_1_118' title='bbox 2029 1663 2131 1723; x_wconf 91' lang='lat' dir='ltr'>alii,</span> <span class='ocrx_word' id='word_1_119' title='bbox 2159 1681 2292 1734; x_wconf 82' lang='lat' dir='ltr'>prae-</span> 
     </span>
    </p>
   </div>
   <div class='ocr_carea' id='block_1_19' title="bbox 659 1756 2295 1830">
    <p class='ocr_par' dir='ltr' id='par_1_19' title="bbox 659 1756 2295 1830">
     <span class='ocr_line' id='line_1_19' title="bbox 659 1756 2295 1830; baseline 0.002 -24"><span class='ocrx_word' id='word_1_120' title='bbox 659 1765 694 1786; x_wconf 81' lang='grc'><strong>“</strong></span> <span class='ocrx_word' id='word_1_121' title='bbox 735 1769 812 1807; x_wconf 91' lang='lat' dir='ltr'>ter</span> <span class='ocrx_word' id='word_1_122' title='bbox 841 1756 1103 1827; x_wconf 67' lang='lat' dir='ltr'>Chalg&#39;fam,</span> <span class='ocrx_word' id='word_1_123' title='bbox 1139 1777 1253 1810; x_wconf 91' lang='lat' dir='ltr'>eam</span> <span class='ocrx_word' id='word_1_124' title='bbox 1280 1760 1480 1830; x_wconf 89' lang='lat' dir='ltr'>operire</span> <span class='ocrx_word' id='word_1_125' title='bbox 1507 1758 1803 1829; x_wconf 85' lang='lat' dir='ltr'>permiffum</span> <span class='ocrx_word' id='word_1_126' title='bbox 1830 1759 1919 1810; x_wconf 88' lang='lat' dir='ltr'>est.</span> <span class='ocrx_word' id='word_1_127' title='bbox 1986 1760 2147 1810; x_wconf 91' lang='lat' dir='ltr'>Prout</span> <span class='ocrx_word' id='word_1_128' title='bbox 2172 1776 2295 1810; x_wconf 91' lang='lat' dir='ltr'>vero</span> 
     </span>
    </p>
   </div>
   <div class='ocr_carea' id='block_1_20' title="bbox 659 1851 2294 1923">
    <p class='ocr_par' dir='ltr' id='par_1_20' title="bbox 659 1851 2294 1923">
     <span class='ocr_line' id='line_1_20' title="bbox 659 1851 2294 1923; baseline 0.002 -21"><span class='ocrx_word' id='word_1_129' title='bbox 659 1861 694 1882; x_wconf 91' lang='lat'><strong><em>“</em></strong></span> <span class='ocrx_word' id='word_1_130' title='bbox 736 1864 982 1913; x_wconf 84' lang='lat' dir='ltr'>narratur,</span> <span class='ocrx_word' id='word_1_131' title='bbox 1028 1851 1127 1904; x_wconf 86' lang='lat' dir='ltr'>fuit</span> <span class='ocrx_word' id='word_1_132' title='bbox 1173 1852 1444 1904; x_wconf 76' lang='lat' dir='ltr'>AlCaabczlz</span> <span class='ocrx_word' id='word_1_133' title='bbox 1488 1858 1520 1891; x_wconf 43' lang='grc' dir='ltr'>ἐξ</span> <span class='ocrx_word' id='word_1_134' title='bbox 1562 1853 1743 1906; x_wconf 88' lang='lat' dir='ltr'>domus</span> <span class='ocrx_word' id='word_1_135' title='bbox 1786 1852 1984 1915; x_wconf 84' lang='lat' dir='ltr'>Adami,</span> <span class='ocrx_word' id='word_1_136' title='bbox 2028 1853 2190 1923; x_wconf 89' lang='lat' dir='ltr'>lapide</span> <span class='ocrx_word' id='word_1_137' title='bbox 2236 1871 2294 1905; x_wconf 90' lang='lat' dir='ltr'>ac</span> 
     </span>
    </p>
   </div>
   <div class='ocr_carea' id='block_1_21' title="bbox 730 1947 2296 2497">
    <p class='ocr_par' dir='ltr' id='par_1_21' title="bbox 730 1947 2296 2497">
     <span class='ocr_line' id='line_1_21' title="bbox 735 1947 2294 2020; baseline 0.002 -22"><span class='ocrx_word' id='word_1_138' title='bbox 735 1947 846 1998; x_wconf 89' lang='lat' dir='ltr'>luto</span> <span class='ocrx_word' id='word_1_139' title='bbox 881 1950 1132 2009; x_wconf 68' lang='lat' dir='ltr'>extructa,</span> <span class='ocrx_word' id='word_1_140' title='bbox 1172 1968 1288 2020; x_wconf 90' lang='lat' dir='ltr'>quae</span> <span class='ocrx_word' id='word_1_141' title='bbox 1323 1968 1446 2000; x_wconf 91' lang='lat' dir='ltr'>cum</span> <span class='ocrx_word' id='word_1_142' title='bbox 1485 1969 1512 2000; x_wconf 89' lang='lat' dir='ltr'>a</span> <span class='ocrx_word' id='word_1_143' title='bbox 1550 1950 1746 2001; x_wconf 92' lang='lat' dir='ltr'>diluvio</span> <span class='ocrx_word' id='word_1_144' title='bbox 1781 1949 2018 2001; x_wconf 89' lang='lat' dir='ltr'>subversa</span> <span class='ocrx_word' id='word_1_145' title='bbox 2050 1948 2190 2010; x_wconf 73' lang='lat' dir='ltr'>esset,</span> <span class='ocrx_word' id='word_1_146' title='bbox 2231 1968 2294 2001; x_wconf 92' lang='lat' dir='ltr'>eo</span> 
     </span>
     <span class='ocr_line' id='line_1_22' title="bbox 736 2042 2294 2116; baseline 0.002 -24"><span class='ocrx_word' id='word_1_147' title='bbox 736 2042 867 2093; x_wconf 90' lang='lat' dir='ltr'>statu</span> <span class='ocrx_word' id='word_1_148' title='bbox 908 2044 1092 2094; x_wconf 87' lang='lat' dir='ltr'>manfit</span> <span class='ocrx_word' id='word_1_149' title='bbox 1126 2044 1284 2114; x_wconf 85' lang='lat' dir='ltr'>usque</span> <span class='ocrx_word' id='word_1_150' title='bbox 1320 2045 1384 2096; x_wconf 89' lang='lat' dir='ltr'>ad</span> <span class='ocrx_word' id='word_1_151' title='bbox 1428 2056 1631 2116; x_wconf 88' lang='lat' dir='ltr'>tempus</span> <span class='ocrx_word' id='word_1_152' title='bbox 1671 2043 1949 2095; x_wconf 76' lang='lat' dir='ltr'>Abrahami</span> <span class='ocrx_word' id='word_1_153' title='bbox 1977 2057 2028 2096; x_wconf 92' lang='lat' dir='ltr'>et</span> <span class='ocrx_word' id='word_1_154' title='bbox 2067 2043 2294 2115; x_wconf 53' lang='lat' dir='ltr'>ffinaelzk,</span> 
     </span>
     <span class='ocr_line' id='line_1_23' title="bbox 735 2137 2292 2211; baseline 0.002 -23"><span class='ocrx_word' id='word_1_155' title='bbox 735 2137 917 2207; x_wconf 84' lang='lat' dir='ltr'>quibus</span> <span class='ocrx_word' id='word_1_156' title='bbox 957 2138 1143 2191; x_wconf 91' lang='lat' dir='ltr'>dicitur</span> <span class='ocrx_word' id='word_1_157' title='bbox 1180 2141 1324 2191; x_wconf 87' lang='lat' dir='ltr'>Deus</span> <span class='ocrx_word' id='word_1_158' title='bbox 1365 2139 1655 2211; x_wconf 82' lang='lat' dir='ltr'>praecepiffe</span> <span class='ocrx_word' id='word_1_159' title='bbox 1689 2152 1746 2191; x_wconf 92' lang='lat' dir='ltr'>ut</span> <span class='ocrx_word' id='word_1_160' title='bbox 1780 2139 1934 2210; x_wconf 87' lang='lat' dir='ltr'>ipsam</span> <span class='ocrx_word' id='word_1_161' title='bbox 1961 2139 2292 2192; x_wconf 84' lang='lat' dir='ltr'>aedificarent.</span> 
     </span>
     <span class='ocr_line' id='line_1_24' title="bbox 735 2233 2294 2305; baseline 0.002 -22"><span class='ocrx_word' id='word_1_162' title='bbox 735 2233 874 2284; x_wconf 91' lang='lat' dir='ltr'>Cum</span> <span class='ocrx_word' id='word_1_163' title='bbox 909 2252 1034 2305; x_wconf 84' lang='lat' dir='ltr'>ergo</span> <span class='ocrx_word' id='word_1_164' title='bbox 1066 2253 1275 2305; x_wconf 88' lang='lat' dir='ltr'>propere</span> <span class='ocrx_word' id='word_1_165' title='bbox 1313 2236 1376 2287; x_wconf 92' lang='lat' dir='ltr'>ad</span> <span class='ocrx_word' id='word_1_166' title='bbox 1401 2235 1567 2286; x_wconf 89' lang='lat' dir='ltr'>filium</span> <span class='ocrx_word' id='word_1_167' title='bbox 1604 2235 1752 2287; x_wconf 88' lang='lat' dir='ltr'>suum</span> <span class='ocrx_word' id='word_1_168' title='bbox 1778 2233 2015 2305; x_wconf 82' lang='lat' dir='ltr'>Ismaelem</span> <span class='ocrx_word' id='word_1_169' title='bbox 2042 2235 2294 2305; x_wconf 84' lang='lat' dir='ltr'>perrexis-</span> 
     </span>
     <span class='ocr_line' id='line_1_25' title="bbox 732 2327 2296 2402; baseline 0.003 -24"><span class='ocrx_word' id='word_1_170' title='bbox 732 2327 805 2379; x_wconf 89' lang='lat' dir='ltr'>set</span> <span class='ocrx_word' id='word_1_171' title='bbox 825 2327 1152 2391; x_wconf 68' lang='lat' dir='ltr'>Abralzmrzus,</span> <span class='ocrx_word' id='word_1_172' title='bbox 1171 2333 1362 2382; x_wconf 89' lang='lat' dir='ltr'>mutuis</span> <span class='ocrx_word' id='word_1_173' title='bbox 1382 2332 1550 2402; x_wconf 89' lang='lat' dir='ltr'>operis</span> <span class='ocrx_word' id='word_1_174' title='bbox 1571 2349 1684 2382; x_wconf 87' lang='lat' dir='ltr'>eam</span> <span class='ocrx_word' id='word_1_175' title='bbox 1706 2343 2044 2382; x_wconf 86' lang='lat' dir='ltr'>extruxerunt</span> <span class='ocrx_word' id='word_1_176' title='bbox 2062 2328 2226 2401; x_wconf 88' lang='lat' dir='ltr'>lapide</span> <span class='ocrx_word' id='word_1_177' title='bbox 2244 2343 2296 2382; x_wconf 92' lang='lat' dir='ltr'>et</span> 
     </span>
     <span class='ocr_line' id='line_1_26' title="bbox 730 2423 2291 2497; baseline 0.003 -23"><span class='ocrx_word' id='word_1_178' title='bbox 730 2423 859 2474; x_wconf 79' lang='lat' dir='ltr'>luto,</span> <span class='ocrx_word' id='word_1_179' title='bbox 928 2425 1053 2476; x_wconf 91' lang='lat' dir='ltr'>Non</span> <span class='ocrx_word' id='word_1_180' title='bbox 1083 2425 1154 2476; x_wconf 91' lang='lat' dir='ltr'>est</span> <span class='ocrx_word' id='word_1_181' title='bbox 1180 2438 1357 2477; x_wconf 89' lang='lat' dir='ltr'>autem</span> <span class='ocrx_word' id='word_1_182' title='bbox 1383 2427 1436 2477; x_wconf 91' lang='lat' dir='ltr'>in</span> <span class='ocrx_word' id='word_1_183' title='bbox 1463 2438 1568 2478; x_wconf 91' lang='lat' dir='ltr'>tota</span> <span class='ocrx_word' id='word_1_184' title='bbox 1595 2427 1769 2477; x_wconf 82' lang='lat' dir='ltr'>Mecca</span> <span class='ocrx_word' id='word_1_185' title='bbox 1794 2445 1927 2497; x_wconf 89' lang='lat' dir='ltr'>aqua</span> <span class='ocrx_word' id='word_1_186' title='bbox 1964 2425 2126 2477; x_wconf 87' lang='lat' dir='ltr'>fluens</span> <span class='ocrx_word' id='word_1_187' title='bbox 2161 2445 2291 2496; x_wconf 89' lang='lat' dir='ltr'>prae-</span> 
     </span>
    </p>
   </div>
   <div class='ocr_carea' id='block_1_22' title="bbox 655 2519 2294 2592">
    <p class='ocr_par' dir='ltr' id='par_1_22' title="bbox 655 2519 2294 2592">
     <span class='ocr_line' id='line_1_27' title="bbox 655 2519 2294 2592; baseline 0.001 -23"><span class='ocrx_word' id='word_1_188' title='bbox 655 2527 690 2548; x_wconf 91' lang='lat'><strong><em>“</em></strong></span> <span class='ocrx_word' id='word_1_189' title='bbox 732 2530 809 2569; x_wconf 89' lang='lat' dir='ltr'>ter</span> <span class='ocrx_word' id='word_1_190' title='bbox 844 2519 986 2570; x_wconf 90' lang='lat' dir='ltr'>illam</span> <span class='ocrx_word' id='word_1_191' title='bbox 1022 2538 1138 2590; x_wconf 87' lang='lat' dir='ltr'>quae</span> <span class='ocrx_word' id='word_1_192' title='bbox 1174 2521 1226 2571; x_wconf 91' lang='lat' dir='ltr'>in</span> <span class='ocrx_word' id='word_1_193' title='bbox 1264 2540 1377 2572; x_wconf 90' lang='lat' dir='ltr'>eam</span> <span class='ocrx_word' id='word_1_194' title='bbox 1417 2540 1445 2572; x_wconf 88' lang='lat' dir='ltr'>a</span> <span class='ocrx_word' id='word_1_195' title='bbox 1484 2520 1628 2572; x_wconf 93' lang='lat' dir='ltr'>fonte</span> <span class='ocrx_word' id='word_1_196' title='bbox 1666 2521 1890 2592; x_wconf 88' lang='lat' dir='ltr'>quodam</span> <span class='ocrx_word' id='word_1_197' title='bbox 1931 2521 2086 2592; x_wconf 88' lang='lat' dir='ltr'>longe</span> <span class='ocrx_word' id='word_1_198' title='bbox 2125 2521 2294 2573; x_wconf 86' lang='lat' dir='ltr'>diffito</span> 
     </span>
    </p>
   </div>
   <div class='ocr_carea' id='block_1_23' title="bbox 655 2613 2292 2687">
    <p class='ocr_par' dir='ltr' id='par_1_23' title="bbox 655 2613 2292 2687">
     <span class='ocr_line' id='line_1_28' title="bbox 655 2613 2292 2687; baseline 0.002 -24"><span class='ocrx_word' id='word_1_199' title='bbox 655 2622 691 2642; x_wconf 90' lang='lat'><strong>“</strong></span> <span class='ocrx_word' id='word_1_200' title='bbox 732 2613 958 2665; x_wconf 89' lang='lat' dir='ltr'>derivata</span> <span class='ocrx_word' id='word_1_201' title='bbox 999 2615 1071 2666; x_wconf 88' lang='lat' dir='ltr'>est</span> <span class='ocrx_word' id='word_1_202' title='bbox 1092 2640 1108 2676; x_wconf 84' lang='lat'>3</span> <span class='ocrx_word' id='word_1_203' title='bbox 1149 2634 1299 2685; x_wconf 91' lang='lat' dir='ltr'>opere</span> <span class='ocrx_word' id='word_1_204' title='bbox 1339 2635 1442 2668; x_wconf 91' lang='lat' dir='ltr'>non</span> <span class='ocrx_word' id='word_1_205' title='bbox 1480 2629 1598 2668; x_wconf 88' lang='lat' dir='ltr'>ante</span> <span class='ocrx_word' id='word_1_206' title='bbox 1625 2615 1854 2687; x_wconf 69' lang='lat' dir='ltr'>perfecto</span> <span class='ocrx_word' id='word_1_207' title='bbox 1881 2634 2039 2686; x_wconf 91' lang='lat' dir='ltr'>quam</span> <span class='ocrx_word' id='word_1_208' title='bbox 2065 2615 2162 2677; x_wconf 91' lang='lat' dir='ltr'>illi,</span> <span class='ocrx_word' id='word_1_209' title='bbox 2201 2615 2292 2667; x_wconf 91' lang='lat' dir='ltr'>suo</span> 
     </span>
    </p>
   </div>
   <div class='ocr_carea' id='block_1_24' title="bbox 656 2708 2294 2782">
    <p class='ocr_par' dir='ltr' id='par_1_24' title="bbox 656 2708 2294 2782">
     <span class='ocr_line' id='line_1_29' title="bbox 656 2708 2294 2782; baseline 0.002 -24"><span class='ocrx_word' id='word_1_210' title='bbox 656 2717 691 2737; x_wconf 93' lang='lat'><strong>“</strong></span> <span class='ocrx_word' id='word_1_211' title='bbox 731 2708 945 2760; x_wconf 89' lang='lat' dir='ltr'>demum</span> <span class='ocrx_word' id='word_1_212' title='bbox 996 2723 1250 2781; x_wconf 88' lang='lat' dir='ltr'>tempore,</span> <span class='ocrx_word' id='word_1_213' title='bbox 1304 2712 1544 2763; x_wconf 87' lang='lat' dir='ltr'>ultimam</span> <span class='ocrx_word' id='word_1_214' title='bbox 1594 2730 1807 2762; x_wconf 87' lang='lat' dir='ltr'>manum</span> <span class='ocrx_word' id='word_1_215' title='bbox 1865 2711 2165 2782; x_wconf 89' lang='lat' dir='ltr'>imposuerit</span> <span class='ocrx_word' id='word_1_216' title='bbox 2217 2710 2294 2762; x_wconf 87' lang='lat' dir='ltr'>Al</span> 
     </span>
    </p>
   </div>
   <div class='ocr_carea' id='block_1_25' title="bbox 655 2802 2290 2877">
    <p class='ocr_par' dir='ltr' id='par_1_25' title="bbox 655 2802 2290 2877">
     <span class='ocr_line' id='line_1_30' title="bbox 655 2802 2290 2877; baseline 0.004 -26"><span class='ocrx_word' id='word_1_217' title='bbox 655 2812 690 2833; x_wconf 88' lang='lat'><strong>“</strong></span> <span class='ocrx_word' id='word_1_218' title='bbox 731 2802 1002 2853; x_wconf 78' lang='lat' dir='ltr'>Moktadar</span> <span class='ocrx_word' id='word_1_219' title='bbox 1032 2803 1293 2873; x_wconf 69' lang='lat' dir='ltr'>Abbqstda.</span> <span class='ocrx_word' id='word_1_220' title='bbox 1358 2807 1546 2858; x_wconf 80' lang='lat' dir='ltr'>Meccae</span> <span class='ocrx_word' id='word_1_221' title='bbox 1580 2807 1722 2877; x_wconf 84' lang='lat' dir='ltr'>ipfius</span> <span class='ocrx_word' id='word_1_222' title='bbox 1755 2824 1902 2876; x_wconf 86' lang='lat' dir='ltr'>aquae</span> <span class='ocrx_word' id='word_1_223' title='bbox 1934 2824 2120 2858; x_wconf 89' lang='lat' dir='ltr'>amarae</span> <span class='ocrx_word' id='word_1_224' title='bbox 2156 2805 2290 2866; x_wconf 89' lang='lat' dir='ltr'>sunt,</span> 
     </span>
    </p>
   </div>
   <div class='ocr_carea' id='block_1_26' title="bbox 656 2898 2289 2972">
    <p class='ocr_par' dir='ltr' id='par_1_26' title="bbox 656 2898 2289 2972">
     <span class='ocr_line' id='line_1_31' title="bbox 656 2898 2289 2972; baseline 0.002 -24"><span class='ocrx_word' id='word_1_225' title='bbox 656 2907 690 2928; x_wconf 92' lang='lat'><strong>“</strong></span> <span class='ocrx_word' id='word_1_226' title='bbox 734 2916 827 2948; x_wconf 93' lang='lat' dir='ltr'>nec</span> <span class='ocrx_word' id='word_1_227' title='bbox 872 2898 1071 2950; x_wconf 91' lang='lat' dir='ltr'>bibenti</span> <span class='ocrx_word' id='word_1_228' title='bbox 1115 2913 1292 2970; x_wconf 69' lang='lat' dir='ltr'>gratae,</span> <span class='ocrx_word' id='word_1_229' title='bbox 1334 2921 1555 2972; x_wconf 83' lang='lat' dir='ltr'>quarum</span> <span class='ocrx_word' id='word_1_230' title='bbox 1594 2914 1768 2953; x_wconf 87' lang='lat' dir='ltr'>tamen</span> <span class='ocrx_word' id='word_1_231' title='bbox 1808 2902 2002 2971; x_wconf 89' lang='lat' dir='ltr'>optima</span> <span class='ocrx_word' id='word_1_232' title='bbox 2042 2901 2116 2952; x_wconf 91' lang='lat' dir='ltr'>est</span> <span class='ocrx_word' id='word_1_233' title='bbox 2155 2919 2289 2972; x_wconf 89' lang='lat' dir='ltr'>aqua</span> 
     </span>
    </p>
   </div>
   <div class='ocr_carea' id='block_1_27' title="bbox 655 2993 2291 3067">
    <p class='ocr_par' dir='ltr' id='par_1_27' title="bbox 655 2993 2291 3067">
     <span class='ocr_line' id='line_1_32' title="bbox 655 2993 2291 3067; baseline 0.002 -23"><span class='ocrx_word' id='word_1_234' title='bbox 655 3003 690 3023; x_wconf 90' lang='lat'>“</span> <span class='ocrx_word' id='word_1_235' title='bbox 733 2993 875 3064; x_wconf 85' lang='lat' dir='ltr'>putei</span> <span class='ocrx_word' id='word_1_236' title='bbox 914 2997 1174 3054; x_wconf 73' lang='lat' dir='ltr'>Zmnzam,</span> <span class='ocrx_word' id='word_1_237' title='bbox 1215 3015 1329 3065; x_wconf 85' lang='lat' dir='ltr'>quae</span> <span class='ocrx_word' id='word_1_238' title='bbox 1364 2996 1602 3067; x_wconf 86' lang='lat' dir='ltr'>potabilis</span> <span class='ocrx_word' id='word_1_239' title='bbox 1643 2997 1873 3067; x_wconf 91' lang='lat' dir='ltr'>quidem,</span> <span class='ocrx_word' id='word_1_240' title='bbox 1914 2997 1983 3047; x_wconf 91' lang='lat' dir='ltr'>ita</span> <span class='ocrx_word' id='word_1_241' title='bbox 2025 3007 2198 3047; x_wconf 91' lang='lat' dir='ltr'>tamen</span> <span class='ocrx_word' id='word_1_242' title='bbox 2224 3007 2291 3059; x_wconf 17' lang='lat' dir='ltr'>‘ut</span> 
     </span>
    </p>
   </div>
   <div class='ocr_carea' id='block_1_28' title="bbox 656 3090 2284 3158">
    <p class='ocr_par' dir='ltr' id='par_1_28' title="bbox 656 3090 2284 3158">
     <span class='ocr_line' id='line_1_33' title="bbox 656 3090 2284 3158; baseline 0.002 -19"><span class='ocrx_word' id='word_1_243' title='bbox 656 3098 690 3118; x_wconf 90' lang='lat'><strong>“</strong></span> <span class='ocrx_word' id='word_1_244' title='bbox 732 3090 845 3158; x_wconf 90' lang='lat' dir='ltr'>quis</span> <span class='ocrx_word' id='word_1_245' title='bbox 879 3108 992 3140; x_wconf 91' lang='lat' dir='ltr'>eam</span> <span class='ocrx_word' id='word_1_246' title='bbox 1030 3091 1277 3142; x_wconf 89' lang='lat' dir='ltr'>continuo</span> <span class='ocrx_word' id='word_1_247' title='bbox 1313 3092 1485 3143; x_wconf 91' lang='lat' dir='ltr'>bibere</span> <span class='ocrx_word' id='word_1_248' title='bbox 1521 3110 1624 3143; x_wconf 91' lang='lat' dir='ltr'>non</span> <span class='ocrx_word' id='word_1_249' title='bbox 1657 3092 1912 3143; x_wconf 85' lang='lat' dir='ltr'>sustineat.</span> <span class='ocrx_word' id='word_1_250' title='bbox 1978 3091 2095 3142; x_wconf 90' lang='lat' dir='ltr'>Nec</span> <span class='ocrx_word' id='word_1_251' title='bbox 2127 3091 2202 3142; x_wconf 91' lang='lat' dir='ltr'>est</span> <span class='ocrx_word' id='word_1_252' title='bbox 2232 3091 2284 3142; x_wconf 91' lang='lat' dir='ltr'>in</span> 
     </span>
    </p>
   </div>
   <div class='ocr_carea' id='block_1_29' title="bbox 2448 0 2498 3575">
    <p class='ocr_par' dir='ltr' id='par_1_29' title="bbox 2448 0 2498 3575">
     <span class='ocr_line' id='line_1_34' title="bbox 2448 0 2498 3575; baseline 0 0"><span class='ocrx_word' id='word_1_253' title='bbox 2448 0 2498 3575; x_wconf 95' lang='lat' dir='ltr'> </span> 
     </span>
    </p>
   </div>
  </div>
 </body>
</html>
