2498 3575
165 446 518 505 Renaudotus,
550 445 639 514 qui
678 456 730 496 et
766 444 1089 516 geographica
1129 465 1218 514 pro
1258 446 1591 516 chronologicis
1624 447 1825 507 dixerit,

168 562 220 600 et
256 569 431 601 eorum
464 561 663 619 partem
694 549 956 600 desiderari
984 548 1332 610 affirmaverit,
1358 570 1479 600 cum
1509 552 1705 620 integra
1730 551 1826 602 sint

165 655 529 724 prolegomena
560 653 642 704 illa
672 652 1048 722 chronologica.

241 757 421 809 Codex
470 759 531 808 de
586 776 690 827 quo
743 756 911 826 agitur
968 756 1304 808 Bibliothecae
1360 759 1826 828 manuscriptorum

167 861 508 920 Coissinianae,
550 859 674 911 olim
719 860 1056 929 Seguerianae,
1100 861 1214 920 fuit,
1256 881 1412 930 quarn
1460 863 1636 913 illustr.
1677 863 1824 914 Hen-

165 965 296 1017 ricus
338 966 430 1016 Du
469 965 601 1016 Can
605 966 750 1024 bout,
783 964 905 1014 Duc
942 965 1002 1015 de
1041 965 1250 1025 Coissin,
1283 965 1377 1016 Par
1419 967 1661 1027 Franciae,
1702 968 1825 1036 Epi-

165 1071 343 1139 scopus
366 1068 611 1119 Metenfis
631 1069 729 1118 διο.
776 1067 1091 1119 Monasterio
1115 1069 1162 1119 S.
1187 1069 1437 1120 Germani
1461 1089 1489 1120 a
1512 1070 1668 1121 Pratis
1691 1072 1825 1140 lega-
1866 1110 1868 1112 -

163 1176 254 1236 vit,
286 1175 425 1224 Ann
460 1191 523 1224 M.
543 1189 887 1224 Dcc.xxxl1.
970 1173 1025 1223 S.
1054 1170 1189 1224 deS.

242 1489 299 1539 In
326 1490 400 1539 bis
424 1489 689 1559 Excerptis
712 1489 874 1559 operis
896 1489 1186 1540 Abulfedaei
1209 1487 1434 1548 edendis,
1465 1488 1664 1538 duobus
1686 1487 1825 1538 codi—

165 1592 307 1644 cibus
328 1594 397 1644 usi
424 1594 616 1653 sumus,
642 1593 816 1644 codice
841 1612 1031 1663 nempe
1055 1592 1492 1662 Sangermanenfi,
1517 1593 1579 1642 de
1601 1592 1826 1662 quojam

164 1697 362 1749 dictum
395 1697 489 1755 est,
517 1709 568 1748 et
607 1697 783 1748 codice
823 1696 956 1747 inter
992 1696 1235 1747 Arabicos
1278 1696 1412 1747 Bibl.
1452 1696 1580 1746 Nat.
1613 1695 1827 1755 codices,

165 1800 336 1870 615A;
382 1802 522 1852 hunc
560 1802 889 1871 posteriorem
921 1801 1155 1853 codicem
1193 1801 1247 1852 in
1284 1800 1359 1852 his
1395 1801 1516 1852 locis
1546 1801 1825 1870 praesertim

163 1905 510 1966 adhibuimus,
533 1906 622 1957 ubi
646 1905 862 1957 mutilus
890 1917 995 1957 erat
1025 1907 1186 1957 codex
1215 1905 1675 1975 Sangermanenfis.
1722 1905 1826 1956 Eo-

163 2030 281 2062 rum
325 2030 438 2080 quae
477 2030 540 2062 ex
580 2011 756 2062 codice
797 2009 1220 2080 Sangermanenfi
1260 2009 1624 2080 exscripfimus,
1666 2029 1827 2079 pauca

162 2116 280 2166 sunt
317 2115 466 2185 ipsius
495 2114 769 2166 Abulfedae
805 2134 967 2166 manu
1003 2113 1224 2184 scripta;
1266 2125 1450 2166 caetera
1494 2133 1676 2164 manus
1720 2116 1827 2186 ejus

162 2220 281 2270 sunt
321 2219 409 2289 qui
450 2219 683 2270 codicem
732 2220 958 2270 lacerum
1006 2218 1295 2288 supplevit:
1354 2230 1406 2269 et
1446 2218 1680 2288 quamvis
1720 2238 1826 2270 non

162 2335 322 2376 tantae
350 2323 449 2375 fint
479 2323 780 2383 autoritatis,
812 2322 1052 2374 videntur
1081 2333 1260 2373 tamen
1288 2342 1317 2373 a
1346 2322 1452 2373 viro
1483 2341 1587 2373 non
1618 2322 1825 2373 indocto

162 2428 346 2498 scripta
375 2427 534 2479 fuiffe.
592 2427 737 2478 Loca
766 2446 884 2497 quae
914 2426 1062 2497 ipsius
1091 2426 1279 2478 autoris
1305 2445 1468 2478 manu
1496 2426 1677 2496 scripta
1706 2427 1824 2477 sunt

161 2532 431 2602 diligenter
460 2531 842 2583 annotabimus.

234 2636 474 2688 Tertium
519 2656 724 2706 quoque
766 2635 995 2687 codicem
1040 2634 1332 2694 habuimus,
1365 2634 1452 2704 qui
1488 2633 1822 2685 Bibliothecae

159 2741 429 2792 Vaticanae
467 2740 595 2792 olim
636 2740 751 2800 fuit,
781 2751 832 2791 et
867 2759 1023 2809 quern
1060 2739 1192 2790 inter
1235 2738 1433 2790 codices
1469 2739 1821 2789 Ecchellenses

159 2844 412 2896 recensuit
463 2844 655 2914 Joseph
712 2843 970 2895 Simonius
1019 2843 1377 2903 Affemannus,
1425 2842 1672 2893 Biblioth.
1730 2843 1819 2892 Or.

160 2950 329 3000 Clem.
354 2948 529 2999 Vatic.
555 2947 781 2998 Tomoi.
816 2967 863 3014 p.
887 2962 1013 3015 574.
1040 2948 1138 2997 col.
1166 2965 1214 3002 2.
1241 2947 1331 2997 N0.
1353 2946 1436 2997 vii.
1495 2946 1599 2996 Hic
1624 2946 1818 3005 Codex,

117 3071 123 3172 Ι
157 3053 246 3122 qui
277 3071 418 3103 nunc
445 3052 499 3103 in
530 3051 853 3103 Bibliotheca
884 3050 1148 3101 Nationali
1179 3050 1466 3111 affervatur,
1492 3049 1818 3120 imperfeems'

925 3129 1053 3176 3H2
