2498 3575
727 289 1139 333 NOTAE.

120 465 305 518 Adami
336 467 463 528 filio,
500 469 580 520 cui
624 482 804 539 praeter
842 453 1070 533 Enostzum
1105 471 1265 522 alium
1300 470 1547 542 affignant
1583 471 1748 523 filiurn

120 563 329 615 nornine
366 576 477 637 σθω
518 563 729 625 Sabium,
768 565 1021 616 institutus
1050 566 1127 625 s1t,
1155 565 1219 616 ab
1246 566 1433 616 Enoclzo
1465 567 1577 637 (qui
1603 568 1747 618 Ara-

120 657 253 709 bibus
292 641 458 720 Edrzk,
497 659 592 710 illis
628 662 849 721 Hermes,
895 674 951 712 ut
990 674 1041 712 et
1083 661 1253 711 Setlzus
1291 675 1433 733 §fan
1474 675 1751 740 spxffifflffl

118 747 474 821 Ἀγοιθοὸοιίμων
500 756 782 826 AEgyptius‚
813 756 1057 807 Hermetis
1081 755 1343 826 Magsser)
1376 770 1675 827 propagatus
1694 761 1748 808 *.

120 849 187 899 Et
214 867 277 900 ne
304 851 416 919 quis
443 850 505 901 de
532 852 605 902 rei
633 851 842 902 veritate
880 851 1097 912 dubitet,
1133 852 1324 903 librum
1360 852 1506 904 sectae
1543 853 1640 904 suae
1667 854 1747 904 os-

119 956 319 996 tentant
351 945 500 1015 (teste
529 944 841 1013 Abu'lFedn)
874 947 1023 998 titulo
1052 962 1194 1025 Q
1225 958 1408 1005 Q
1437 946 1588 998 Libri
1615 949 1747 1008 Seth,

119 1040 255 1110 quafi
281 1058 309 1090 a
336 1040 474 1091 Setho
502 1041 613 1112 ipfis
642 1042 821 1093 tradita
856 1044 1244 1103 continentem;
1286 1044 1337 1093 in
1366 1062 1470 1114 quo
1493 1043 1656 1094 multa
1685 1044 1747 1095 de
1802 1089 1807 1094 .

118 1154 326 1188 morum
364 1134 646 1197 honestate,
686 1138 748 1188 de
785 1139 983 1190 virtutis
1020 1138 1204 1199 studio,
1241 1151 1293 1190 et
1329 1139 1570 1191 vitiorum
1603 1138 1745 1210 fuga.

119 1231 336 1284 Nomen
364 1232 468 1301 ipfi,
505 1245 561 1283 ut
601 1233 820 1294 videtur,
849 1234 940 1285 fibi
971 1253 999 1285 a
1028 1233 1184 1295 Sabin,
1215 1234 1351 1285 Setlzi
1379 1234 1505 1296 filio,
1543 1236 1748 1305 impofi-

119 1340 233 1380 tum
260 1327 441 1378 volunt
464 1353 480 1389 ;
523 1327 882 1399 Shahrestanius
907 1348 934 1380 a
960 1341 1094 1402 Q
1124 1328 1270 1390 Saba,
1299 1330 1440 1401 quod
1469 1331 1541 1383 est
1565 1350 1747 1392 amare,

117 1421 424 1494 propendere,
461 1421 736 1492 defiderare,
774 1437 1008 1477 mutuata
1043 1445 1070 1477 e
1100 1426 1327 1497 Syrorum
1353 1427 1529 1497 lingua
1555 1427 1748 1498 fignifi-

117 1519 338 1579 catione,
380 1538 408 1570 a
446 1519 630 1590 quibus
672 1519 835 1571 forsan
876 1539 995 1572 cum
1036 1522 1244 1572 nomine
1291 1521 1377 1572 suo
1418 1523 1470 1573 in
1511 1521 1749 1573 Arabiam

119 1615 387 1667 transiere:
430 1615 632 1668 dubitat
661 1618 801 1668 enim
828 1615 1078 1668 Bida-wius
1103 1636 1167 1668 an
1194 1636 1283 1686 pro
1312 1616 1521 1668 Arabico
1548 1617 1747 1669 haben-

120 1711 246 1763 dum
283 1711 339 1763 fit
375 1710 474 1763 hoc
514 1731 724 1773 nomen,
761 1713 811 1763 in
847 1714 999 1764 Com.
1040 1713 1101 1763 ad
1137 1713 1310 1764 locum
1337 1729 1363 1774 †
1391 1713 1631 1765 Alcorani
1663 1714 1751 1765 ubi

120 1826 301 1859 eorum
339 1809 538 1859 mentio
574 1809 808 1860 occurrit.
876 1809 998 1860 Inde
1035 1810 1193 1880 igitur
1224 1808 1392 1860 forsan
1423 1828 1615 1861 nomen
1642 1809 1747 1861 sor-

122 1903 202 1955 titi
240 1904 395 1974 quod,
436 1923 529 1975 pro
561 1906 719 1956 animi
755 1905 829 1956 sui
861 1905 1028 1966 libitu,
1069 1924 1228 1956 novos
1262 1905 1354 1956 fibi
1387 1905 1552 1956 cultus
1580 1905 1748 1976 finge-

121 2013 252 2051 rent.
319 1999 569 2051 Arabibus
607 2002 955 2052 communiter
981 2014 1115 2073 κ-μ,
1141 2020 1172 2051 a
1206 2000 1426 2070 religione
1460 1999 1528 2051 ad
1556 2000 1752 2070 religio-

119 2113 221 2146 nem
272 2095 495 2164 transire.
564 2097 715 2147 Unde
765 2097 914 2168 (teste
961 2094 1139 2148 Ebno'l
1176 2096 1356 2166 Atlzir)
1406 2094 1753 2148 Molzammedes

123 2204 236 2266 σθω
280 2190 450 2244 Sabius
493 2193 655 2244 dictus
699 2193 789 2253 est,
836 2193 975 2263 quod
1015 2192 1316 2263 religionem
1362 2189 1751 2255 Koraistzidarum

121 2267 367 2357 ffssmmsmv
393 2287 701 2339 commutavit
721 2309 738 2338 .·
768 2308 867 2359 qua
895 2289 1103 2339 notione
1131 2307 1322 2339 nornen
1348 2287 1448 2339 hoc
1475 2288 1574 2339 illis
1601 2306 1748 2339 com-

122 2395 297 2453 petere
337 2384 445 2434 vult
485 2381 754 2444 Bz'dawius,
794 2384 931 2453 quod
971 2403 998 2434 a
1039 2384 1146 2434 veri
1186 2384 1289 2435 Dei
1326 2383 1467 2434 cultu
1506 2384 1567 2434 ad
1602 2382 1750 2434 falsos

121 2479 290 2530 cultus
318 2479 640 2530 desciverint.
707 2479 864 2550 Qod
891 2479 924 2530 s1
952 2498 1132 2530 eorum
1159 2479 1384 2530 instituta
1409 2478 1750 2549 perpenderis,

121 2593 224 2626 non
252 2575 405 2645 longe
437 2575 656 2646 petitum
679 2575 934 2626 videbitur
961 2575 994 2626 fi
1022 2593 1049 2626 a
1078 2593 1203 2625 voce
1226 2573 1443 2625 Hebraea
1470 2585 1578 2631 &23
1602 2572 1749 2634 Saba,

121 2669 405 2722 Exercitum
439 2669 731 2728 denotante,
767 2664 926 2721 dictos
962 2682 1217 2740 putemus,
1254 2670 1390 2739 quafi
1417 2681 1614 2727 mmmm
1643 2681 1751 2726 &23

122 2765 382 2817 Exercitus
415 2765 601 2835 caelestis
640 2766 879 2818 cultoreS.
946 2766 1042 2816 Sed
1086 2764 1227 2816 miffa
1272 2767 1494 2817 nominis
1533 2766 1749 2824 ratione,

122 2863 459 2932 praecipuum,
497 2862 631 2913 circa
665 2881 823 2932 quem
859 2860 1084 2913 versatur
1118 2880 1298 2913 eorum
1330 2860 1454 2912 fides
1491 2860 1751 2912 cardinem

123 2957 290 3009 statuit
321 2956 682 3027 Shahrcstanius
709 2970 866 3027 ῳ.»
881 2972 1000 3034 joco
1030 2971 1121 3038 Q!
1148 2970 1255 3018 [⁴5
1287 2970 1516 3037 &³³59ss
1545 2969 1753 3027 ι-..Ακυικῑῐ

127 3066 403 3132 351⁸„stss
420 3065 553 3134 βω
583 3067 792 3125 ῳωαᾰὶ
828 3066 972 3110 [susm
1010 3053 1043 3105 i.
1068 3072 1114 3105 e.
1153 3051 1276 3124 quod
1290 3051 1573 3123 substantiis
1590 3051 1751 3121 spiri-

1817 766 1841 790 *
1859 764 1980 814 Confer
1993 779 2073 816 quae

1798 818 1896 855 habet
1916 820 2016 856 Mai-

1799 886 1897 910 mon.
1917 873 1952 909 in
1972 873 2069 910 Yad.

1798 927 1885 964 Hal.
1913 929 2015 964 Abo-

1795 982 1867 1017 dah
1887 983 2012 1018 zarah.
2037 994 2068 1018 c.

1800 1047 1831 1071 1.
1862 1035 2038 1073 Abulfed.

1797 1103 1831 1124 m
1869 1089 2009 1126 Enoch.

1797 1143 1949 1193 Gregor.
1988 1143 2023 1179 in

1797 1197 1928 1235 Enosh.
1975 1199 2026 1234 At

1795 1252 2069 1288 Shahrestanius

1884 1318 2067 1383 ΘΗΜ

1795 1390 1844 1426 ait
1880 1390 1938 1440 ff
1975 1392 2035 1428 Se-

1794 1445 1915 1481 thum.

1822 1736 1846 1780 †
1869 1731 1988 1768 Surat.
2008 1742 2028 1767 2
2037 1760 2044 1768 .
