2498 3575
754 278 1168 322 NOTAE.

148 469 185 492 “
225 461 284 511 iis
322 461 411 530 qui
450 460 512 511 ad
545 459 1008 522 Christianismum,
1052 481 1117 514 ex
1159 462 1215 513 iis
1260 463 1348 532 qui
1383 463 1444 513 ad
1481 463 1780 514 Sabiismum

150 565 187 586 “
228 556 620 626 propenderent,
650 568 700 607 et
727 557 816 626 qui
842 557 995 608 stellis
1024 557 1138 609 fixis
1167 577 1281 609 eam
1309 558 1417 609 vim
1443 557 1780 611 attribuerent

151 661 187 682 “
227 670 384 721 quam
411 652 637 702 erraticis
665 652 941 703 astronomi
965 677 980 713 ;
1021 653 1149 704 adeo
1178 667 1232 704 ut
1260 672 1353 705 nec
1380 653 1495 704 loco
1523 653 1570 704 se
1599 673 1778 705 move-

151 756 187 778 “
229 758 361 807 rent,
389 765 484 798 nec
512 747 844 818 quiescerent,
883 767 1051 818 neque
1088 749 1185 799 iter
1220 747 1467 808 facerent,
1495 767 1658 819 neque
1687 750 1781 800 do-

151 852 186 874 “
228 841 300 893 mi
333 842 668 903 subsisterent,
707 844 796 894 nifi
832 863 860 894 a
888 844 1029 895 stella
1054 845 1224 914 aliqua
1250 857 1457 915 captato
1484 844 1674 904 omine,
1703 845 1782 895 di-

152 947 189 969 “
228 949 402 989 centes
428 938 626 1008 insuper
661 938 708 989 se
736 938 886 1008 hujus
914 940 997 990 vel
1030 940 1167 991 illius
1201 940 1357 991 stellae
1384 940 1637 991 beneficio
1665 939 1784 1010 plu-

153 1042 189 1065 “
231 1034 367 1085 viam
404 1033 666 1105 consequi.
734 1037 895 1087 Erant
931 1047 982 1086 et
1018 1055 1083 1087 ex
1117 1036 1213 1087 illis
1252 1036 1340 1106 qui
1371 1035 1579 1106 angelos
1619 1035 1789 1106 magni

153 1138 190 1163 “
229 1128 477 1190 facerent,
505 1130 691 1200 eosque
719 1131 967 1192 colerent,
1002 1131 1106 1183 imo
1141 1144 1193 1183 et
1220 1133 1311 1202 qui
1339 1136 1371 1168 ἦ·
1401 1131 1658 1182 daemonas
1694 1149 1785 1182 co-

155 1234 192 1256 “
230 1225 417 1286 lerent,
469 1224 735 1277 afferentes
788 1245 874 1288 eos
928 1228 1031 1278 Dei
1081 1227 1209 1279 filias
1261 1226 1431 1279 effe.'’
1501 1227 1632 1278 Haec
1682 1226 1786 1277 ille.

154 1323 410 1391 Qaenam
449 1334 625 1373 autem
669 1321 830 1374 tribus
877 1341 1004 1392 quos
1050 1323 1481 1394 amplecterentur
1522 1322 1690 1372 cultus
1736 1334 1792 1372 ut

155 1417 339 1486 partim
367 1416 601 1477 sciamus,
630 1416 697 1467 ita
724 1436 832 1468 rem
862 1417 1084 1488 explicat
1109 1417 1297 1469 author
1323 1417 1438 1469 libri
1471 1427 1709 1491 4-3512m5
1741 1437 1752 1468 :

231 1521 267 1543 “
307 1512 549 1563 Florebat
578 1511 991 1564 Christianismus
1019 1515 1072 1564 in
1100 1513 1334 1564 tribubus
1363 1511 1555 1573 Rabiae,
1585 1525 1636 1563 et
1665 1511 1791 1581 Θαψ-

156 1617 192 1639 “
213 1607 330 1677 san,
380 1620 432 1658 et
476 1620 619 1679 parte
666 1606 888 1669 Kodaae5
930 1608 1221 1678 Judaismus
1271 1608 1408 1679 apud
1455 1610 1697 1679 Hamyar,
1744 1619 1796 1658 et

157 1713 192 1735 “
233 1702 367 1754 Bam'
395 1704 648 1764 Kencmff,
688 1717 739 1755 et
779 1704 1146 1756 Bani'chzretlz
1188 1703 1298 1755 Ebn
1337 1702 1538 1764 Caabae,
1576 1716 1627 1754 et
1668 1704 1795 1754 Cen-

158 1809 192 1830 “
235 1797 355 1860 dalz3
401 1800 683 1870 Magorum
715 1799 895 1871 religio
923 1800 1053 1853 inter
1082 1800 1214 1851 Bam'
1240 1797 1444 1860 Tamz'm3
1487 1798 1794 1850 Sadducaeis-

159 1905 194 1926 “
235 1914 323 1946 mo
343 1894 520 1946 infecti
541 1894 887 1958 Korag'shitaess’
927 1898 999 1947 At
1017 1909 1154 1947 certe
1177 1897 1328 1947 latius
1349 1894 1594 1947 diffusum
1616 1892 1794 1945 Chris-

157 1991 454 2043 tianismum
480 2010 639 2061 quam
665 1991 727 2042 ad
754 1991 912 2042 tribus
940 1992 1200 2063 praedictas
1229 2003 1389 2062 patet.
1446 1990 1678 2041 Celebris
1706 2008 1796 2040 au-

158 2086 277 2138 thor
311 2085 421 2138 Ebn
460 2086 708 2148 Clzczlican,
749 2087 799 2138 in
832 2088 933 2139 vita
968 2086 1236 2139 Abu’lOlae
1272 2099 1457 2158 poetae,
1487 2086 1646 2137 tribus
1675 2103 1796 2155 quas

158 2181 382 2234 Arabum
417 2181 730 2234 Christianos
753 2196 779 2241 †
815 2183 1058 2254 appellat,
1088 2196 1188 2235 tres
1226 2182 1474 2243 recenset,
1504 2181 1692 2232 scilicet
1720 2195 1799 2253 Μ

159 2279 349 2339 Balzra,
382 2275 601 2338 Tanuclz,
641 2291 693 2329 et
723 2275 910 2348 Taglab
928 2299 945 2329 .·
988 2298 1015 2329 e
1047 2276 1327 2350 ‘Tayenstbzcs
1352 2276 1496 2328 fuiffe
1526 2278 1683 2328 etiam
1710 2277 1801 2346 qui

162 2373 508 2425 Christianam
543 2373 977 2443 amplecterentur
1019 2373 1179 2425 fidem
1213 2373 1406 2425 constat
1445 2392 1510 2424 ex
1546 2372 1646 2423 illis
1689 2390 1802 2442 quae
1865 2395 1871 2402 ·

162 2470 214 2520 in
267 2467 611 2540 superioribus
664 2468 726 2519 de
768 2469 1009 2519 Noomano
1048 2467 1439 2520 Ebno’lssffondczr
1484 2469 1614 2520 dicta
1666 2467 1800 2528 sunt,

161 2583 282 2616 cum
321 2583 425 2634 quo
466 2582 567 2614 una
606 2562 833 2633 Hirergses
874 2564 1089 2616 universl
1131 2565 1193 2616 ad
1238 2584 1355 2616 eam
1396 2563 1622 2617 conversi
1667 2562 1800 2613 sunt.

162 2661 276 2712 Imo
308 2678 430 2711 avus
469 2659 619 2730 ipfius
647 2657 920 2710 Mondarus
959 2660 1109 2730 (teste
1145 2658 1460 2729 Abu’lFedcz)
1508 2659 1650 2710 illam
1688 2677 1802 2709 am-

164 2756 341 2826 plexus
379 2755 451 2807 est
491 2755 818 2825 religionem,
860 2769 911 2806 et
952 2757 1003 2806 in
1043 2755 1167 2807 urbe
1206 2758 1345 2827 regia
1372 2755 1522 2807 Hirae
1555 2755 1637 2826 (ut
1674 2753 1804 2804 vidi-

164 2870 279 2902 mus
298 2848 347 2920 ἶ)
375 2863 538 2920 ως
564 2863 785 2922 Μυὲω
811 2851 843 2901 i.
865 2870 892 2901 e
919 2851 1125 2919 ecclesias
1144 2871 1342 2921 magnas
1362 2852 1562 2911 struxit,
1588 2850 1677 2901 ubi
1704 2867 1806 2900 non

166 2945 312 2997 unius
340 2923 546 2997 tantum
573 2945 735 2996 tribus
765 2943 958 2996 Arabes
992 2945 1198 2998 Christo
1227 2966 1418 2998 nomen
1445 2947 1596 2998 suum
1621 2942 1806 2996 dedisse

169 3059 259 3091 nos
304 3040 493 3092 docent
533 3039 888 3110 AlJaulzarius
928 3054 979 3092 et
1027 3040 1514 3102 Ale‘rauzabadizcs,
1559 3040 1646 3110 qui
1690 3052 1807 3107 abydi

1927 294 2019 345 141

1901 1148 2072 1213 efen*

1897 2869 1914 2912 ἶ
1947 2878 1983 2914 Ρ·
2011 2872 2072 2913 75·
