2498 3575
459 273 543 324 De
568 270 798 325 Arabum
823 273 1052 328 Moribus
1080 276 1184 348 post
1209 279 1604 336 Molzmnmedem.

195 469 276 521 sus
305 471 368 521 ad
395 489 479 521 eos
507 488 536 521 e
565 468 806 522 coenobio
834 469 924 521 suo
957 471 1245 523 monachus
1279 473 1494 543 quidam
1529 477 1724 540 doctus,
1767 500 1860 532 no-

198 574 343 627 mine
373 574 576 637 Rehim,
616 595 707 646 per
732 575 962 628 mediam
991 578 1199 629 turbam
1229 580 1293 630 ad
1322 578 1490 650 ipsum
1526 587 1860 648 contenanS,

199 700 467 754 manuque
496 683 603 755 ejus
632 682 896 753 prehensa,
924 683 1169 735 Futurum
1190 683 1248 755 cst
1276 684 1496 758 (inquit)
1525 686 1586 738 ab
1615 687 1697 740 hoc
1715 701 1865 761 puero

199 806 422 859 magnum
441 787 638 860 aliquid,
664 787 795 859 cujus
803 789 952 861 sama
972 799 1065 860 per
1092 788 1312 842 orientem
1341 803 1386 842 et
1406 791 1678 845 occidentem
1687 795 1747 867 st
1767 794 1863 866 dff-

181 893 366 967 fimdet
385 917 403 948 :
441 915 552 948 nam
580 914 684 948 cum
711 894 1119 968 appropinquaret
1145 896 1268 948 nube
1284 896 1588 950 obumbratus
1615 902 1863 971 apparuit.

202 1001 452 1074 Cumque
481 1004 598 1075 jam
627 1000 813 1073 viginti
850 1001 1082 1073 quinque
1111 1001 1276 1054 aetatis
1305 1023 1465 1054 annos
1494 1006 1866 1076 complevisset,

201 1107 394 1161 obtulit
424 1107 470 1160 ei
493 1106 716 1159 foemina
744 1108 986 1179 quaedam
1016 1107 1199 1160 nobilis
1229 1119 1281 1160 et
1307 1107 1461 1171 diveS‚
1486 1110 1702 1163 nomine
1735 1113 1867 1165 Cha-

202 1213 350 1286 Ᾰῇαἰν,
372 1213 746 1274 conditionem,
778 1232 901 1266 cum
933 1213 1267 1265 facultatibus
1295 1215 1394 1266 suis
1424 1217 1488 1267 ad
1518 1229 1868 1271 mercaturam

204 1322 563 1382 exercendam,
588 1320 880 1393 Damqstzcm
900 1319 1267 1392 proficiscendi,
1292 1321 1342 1373 se
1363 1322 1478 1392 plus
1506 1322 1579 1374 illi
1602 1342 1761 1394 quam
1785 1325 1870 1376 alii

204 1426 432 1499 cuipiam
475 1427 748 1487 daturam3
786 1426 870 1477 cui
900 1446 1021 1478 cum
1055 1425 1141 1478 ille
1170 1446 1373 1479 morem
1404 1446 1584 1498 gerens
1613 1430 1871 1500 profectus

205 1533 344 1596 effet,
386 1553 446 1586 ea
486 1533 636 1604 ipfius
678 1552 854 1585 amore
896 1544 1062 1604 capta,
1103 1534 1154 1585 se
1192 1533 1266 1585 illi
1308 1533 1362 1585 in
1399 1553 1618 1587 uxorem
1657 1537 1867 1589 obtulit.

205 1639 376 1692 Duxit
425 1658 543 1711 ergo
582 1639 723 1691 illam
771 1658 932 1691 annos
973 1651 1093 1692 tum
1135 1651 1316 1692 natam
1357 1642 1711 1714 quadraginta,
1753 1664 1872 1716 quae

206 1764 333 1798 cum
389 1764 452 1798 eo
497 1744 682 1816 viginti
725 1746 926 1796 duobus
975 1745 1122 1797 annis
1171 1746 1464 1799 constanter
1519 1748 1663 1812 vixit,
1707 1752 1873 1804 donec

207 1852 392 1904 Meccae
420 1851 635 1903 tandem
666 1852 805 1903 dicm
830 1850 1013 1903 obiret.
1072 1852 1189 1903 Post
1219 1854 1506 1924 completos
1537 1855 1755 1909 demum
1778 1878 1870 1910 an-

207 1978 300 2011 nos
340 1957 505 2010 aetatis
549 1957 902 2029 quadraginta,
944 1958 1228 2029 prophetiae
1259 1978 1452 2010 munus
1481 1959 1571 2012 fibi
1603 1963 1871 2035 arrogavit.
1923 1971 2172 2010 Mohammed

1915 2026 2127 2079 prophetiam

205 2063 432 2116 Mortuis
479 2075 658 2116 autem
688 2066 805 2138 jam
850 2063 968 2116 Abu
1010 2058 1155 2116 Taleb
1211 2076 1395 2135 patruo
1437 2068 1562 2139 ejm,
1614 2080 1667 2119 et
1715 2089 1874 2123 uxore
1922 2081 2095 2120 venditat.

209 2164 463 2236 Chadijah,
505 2183 630 2216 cum
670 2183 863 2235 magno
898 2164 1048 2216 illum
1087 2165 1225 2217 malo
1261 2165 1532 2219 afficerent
1564 2167 1871 2240 Koraifhitae‚

208 2268 272 2319 ab
321 2267 417 2318 illis
465 2265 729 2328 Medinam,
771 2267 826 2317 Υ
816 2265 1065 2318 athebrum
1113 2266 1322 2329 scilicet,
1374 2268 1545 2339 fugit:
1595 2270 1686 2322 ubi
1735 2291 1873 2324 anno

210 2368 370 2438 Fugae
397 2366 566 2439 primo
595 2367 890 2438 congregati
920 2367 1041 2419 sunt
1069 2369 1132 2419 ad
1160 2367 1350 2438 ipsum,
1391 2369 1480 2440 qui
1518 2382 1698 2423 contra
1726 2374 1871 2425 Mec-

209 2469 355 2541 cerfis
401 2467 569 2520 hostes
608 2469 722 2520 suos
761 2488 918 2539 opem
958 2467 1049 2539 ips1
1094 2468 1301 2520 ferrent.
1371 2471 1529 2523 Anno
1572 2484 1768 2535 autem,
1811 2494 1874 2526 ex

210 2589 316 2641 quo
344 2567 593 2621 Medinam
621 2568 773 2640 fugit,
814 2569 1038 2622 secundo
1078 2568 1203 2622 exiit
1237 2571 1340 2642 ipse
1375 2573 1438 2623 ad
1476 2573 1714 2643 praelium
1744 2574 1871 2628 Bed-

209 2668 356 2742 retfi,
396 2670 596 2722 celebre
644 2669 773 2721 illud
819 2682 1102 2733 certarnen,
1150 2671 1205 2722 in
1254 2692 1359 2742 quo
1409 2683 1764 2728 trecentorum
1821 2687 1874 2728 et

210 2771 464 2823 tredecim
502 2769 889 2842 szsleminorum
923 2791 1022 2843 ope
1057 2771 1200 2824 mille
1238 2792 1266 2823 e
1300 2774 1617 2843 Moecerffibus
1653 2776 1869 2828 Idolola-

212 2871 301 2924 tris
330 2871 634 2943 profligavit.
704 2872 908 2924 Eodem
937 2892 1075 2925 anno
1104 2874 1344 2926 conversa
1373 2875 1446 2926 est
1475 2875 1678 2937 Kehlah,
1721 2877 1783 2928 ab
1814 2896 1872 2927 ea

213 2972 335 3024 coeli
383 2984 527 3044 parte
575 2991 692 3043 quae
738 2973 1003 3044 templum
1051 2973 1515 3046 Hierosolymitanum
1560 2977 1767 3047 spectat,
1810 2976 1873 3026 ad

1923 2286 2120 2323 Medinam
2127 2286 2198 2336 fu-

1916 2341 1986 2392 git.

1924 2582 2093 2620 Prfflium
2106 2582 2200 2621 Bed-

1923 2637 2036 2674 reuse.

1925 2874 2081 2911 Mutatio
2098 2875 2200 2912 Keb-

1922 2930 1968 2966 lae
1982 2929 2047 2979 stu
2069 2928 2130 2966 loci
2153 2929 2203 2967 ad

1922 2997 2018 3034 quem
2034 2984 2169 3032 facicm

1923 3039 2009 3075 inter·
2032 3038 2199 3075 orandum

215 3091 331 3124 eam
360 3092 478 3144 quae
512 3072 690 3125 Caabae
719 3072 979 3124 imminet.
1051 3073 1253 3125 Eodem
1285 3075 1442 3126 etiam
1474 3076 1767 3148 injunctum
1801 3074 1872 3125 est
1922 3094 2201 3131 abvcrtmnMo„

1027 3164 1060 3201 C

1925 3149 2179 3186 hammcdani.
