2498 3575
1239 319 1746 362 EXCERPTA

672 489 834 540 Orwa
874 489 1010 539 filius
1053 488 1294 549 Hazami,
1337 498 1390 540 et
1435 488 1749 558 Djomailus,
1792 488 1883 556 qui
1924 488 2171 538 dominus
2212 486 2314 537 fuit

674 584 973 633 Bathaneae.

749 677 827 727 Ex
854 677 1011 727 ramis
1039 675 1458 745 Himyaritarum
1489 677 1607 727 sunt
1633 677 1726 727 filii
1754 676 2047 727 Schabani:
2089 692 2315 744 quorum

675 771 774 822 fuit
807 771 1208 840 jurisconsultus
1255 771 1500 822 Schabita
1543 772 1730 831 didius,
1767 771 1857 839 qui
1897 787 2095 821 nomen
2132 768 2319 820 habuit

675 867 919 916 AmeruS.

747 960 981 1010 Tantum
1010 960 1074 1010 de
1099 959 1312 1027 posteris
1340 958 1582 1028 Himyari
1610 959 1702 1010 filii
1729 958 1893 1010 Sabae.

1098 1189 1326 1260 Defiliis
1359 1189 1699 1260 Cahlanifilii
1727 1188 1898 1241 Saboe.

752 1335 796 1386 E
835 1336 1047 1403 posteris
1088 1335 1307 1386 Cahlani
1349 1345 1476 1387 ortae
1520 1337 1639 1387 sunt
1682 1337 1847 1387 tribus
1886 1336 2145 1405 plurimae,
2187 1335 2324 1385 inter

679 1448 807 1498 quas
852 1430 1049 1498 septem
1100 1431 1327 1481 maxime
1373 1430 2017 1493 inclaruerunt,‚Azditce,
2065 1428 2323 1500 Tayyitoe,

678 1523 1084 1593 Bffodlzhaaffjitae,
1114 1524 1477 1586 Hamdanitae,
1511 1524 1776 1586 Kenditoe,
1804 1524 2109 1586 Dioraditae,
2137 1531 2188 1575 et
2211 1524 2323 1575 An-

682 1618 903 1670 maritoe.

754 1808 990 1858 AzmTAE
1025 1817 1261 1859 autorem
1298 1810 1527 1859 habuere
1553 1808 1765 1860 Azdum
1791 1809 1959 1860 filium
1989 1809 2205 1869 Gauthi,
2232 1808 2326 1859 filii

682 1902 894 1963 Nabeti,
923 1903 1015 1953 filii
1053 1903 1263 1964 Maleei,
1291 1904 1383 1954 filii
1421 1904 1612 1963 Ododi,
1640 1904 1734 1954 filii
1771 1903 1937 1964 Zeidi,
1965 1903 2057 1954 filii
2086 1903 2325 1964 Cahlani,

685 1997 775 2047 filii
804 1997 967 2047 Sabae.
1047 1998 1281 2048 Primum
1319 1998 1478 2067 igitur
1504 1998 1726 2048 familias
1753 1998 2065 2049 Azditarum
2093 1998 2327 2049 recense-

686 2091 876 2151 bimus,
898 2109 1026 2159 quas
1044 2092 1136 2141 ubi
1156 2092 1547 2152 absolverimus,
1571 2092 1792 2143 familias
1810 2093 2156 2162 Tayyitarum
2180 2111 2328 2144 com-

690 2187 1117 2247 memorabimus,
1166 2205 1292 2237 mox
1336 2186 1557 2236 familias
1603 2186 2113 2256 Modhha-djitarum,
2161 2197 2214 2238 et
2258 2188 2330 2239 ita

688 2299 845 2349 porro
872 2281 1033 2348 usque
1059 2282 1123 2331 ad
1150 2291 1411 2331 extremos
1438 2282 1762 2349 posterorum
1780 2281 2026 2332 Cahlani.

763 2374 806 2425 E
834 2375 1043 2425 familiis
1070 2375 1380 2425 Azditarum
1410 2375 1528 2425 sunt
1556 2375 1834 2426 Gafl'anitae
1862 2393 2008 2446 reges
2036 2376 2218 2445 Syriae,
2241 2376 2332 2445 qui

689 2487 855 2539 genus
893 2469 1043 2519 suum
1084 2469 1318 2520 referunt
1356 2471 1421 2519 ad
1452 2469 1682 2520 Amrum
1724 2470 1891 2520 filium
1931 2471 2162 2532 Mazeni,
2196 2471 2334 2522 Azdi

693 2575 956 2631 nepotem.
1018 2564 1330 2614 Azditarum
1353 2562 1570 2631 vquoque
1597 2564 1716 2614 sunt
1741 2564 1938 2616 Aufitae
1965 2574 2018 2615 et
2045 2565 2334 2636 Khazredj-

692 2658 794 2715 itae,
824 2659 912 2725 qui
946 2657 1218 2707 Yatribam
1254 2658 1573 2718 incolebant,
1601 2667 1652 2708 et
1680 2660 1769 2726 qui
1795 2677 1860 2709 ex
1886 2660 1958 2710 eis
1987 2659 2334 2711 Issamismum

692 2751 921 2820 amplexi
948 2751 1084 2811 sunt,
1107 2751 1285 2818 Argsar
1309 2751 1365 2821 (i.
1388 2769 1432 2801 e.
1461 2751 1748 2821 adjutores)
1779 2754 1904 2804 diffi
1931 2753 2066 2804 sunt.
2118 2755 2206 2804 Ad
2226 2754 2335 2805 Az—

694 2846 825 2896 ditas
852 2846 1010 2896 etiam
1041 2846 1297 2895 referendi
1325 2845 1619 2906 Khozaitae,
1643 2846 1916 2906 Barekitae,
1944 2840 2193 2910 Daufitae,
2215 2849 2336 2900 Ati-

694 2940 835 2999 kitae,
877 2949 929 2989 et
972 2940 1245 2990 Gafekitae.
1326 2938 1398 2989 Hi
1441 2958 1624 2990 omnes
1670 2940 1981 2992 Azditarum
2027 2944 2157 2993 rami
2199 2944 2334 2995 sunt.

697 3033 970 3084 Khozaitae
998 3035 1229 3102 quidem,
1252 3051 1375 3084 cum
1403 3032 1453 3083 se
1480 3033 1790 3102 separafl'ent
1815 3054 1844 3086 a
1871 3037 2082 3104 reliquis
2103 3037 2336 3089 Yeman-
