2498 3575
421 317 516 386 158

377 2231 399 2253 ἥ
423 2228 590 2270 Mezhar,

347 2297 376 2319 c.
480 2293 510 2317 et
532 2292 577 2317 2·
561 2305 594 2340 ‚²⁹

374 2342 397 2385 †
399 2295 532 2373 2Ικμειῐη
555 2336 589 2371 in

386 2610 403 2652 ζ
436 2605 605 2647 Mezhar‚

351 2673 381 2696 c.
408 2670 468 2707 27.

381 2717 398 2761 ᾧ
421 2713 536 2749 Kam.
557 2713 591 2748 in

383 3006 399 3045 Η
423 3002 588 3038 Mezhar.

1276 316 1690 360 NOTAE.

662 497 937 550 fluentibus
978 497 1322 568 undequaque
1355 499 1575 548 Meccam
1606 495 1857 548 Arabibus
1893 508 2007 547 tum
2045 495 2302 566 religionis

662 612 801 665 erg0,
830 606 944 644 tum
970 605 1026 644 ut
1057 593 1172 643 lites
1206 592 1311 644 suas
1348 593 1411 644 ad
1445 593 1575 663 ipsos
1609 591 1991 663 componendas
2024 589 2300 651 deferrent,

664 709 729 741 ex
767 707 948 740 eorum
980 694 1212 739 sermone
1246 701 1297 740 et
1328 688 1642 739 carminibus
1675 688 1902 758 puriores
1929 705 1988 738 ac
2016 685 2302 757 elegantio-

665 803 742 836 res
781 784 1110 855 quascunque
1147 784 1245 835 five
1281 784 1549 845 dictiones,
1578 783 1678 835 five
1711 783 1956 853 loquendi
1980 781 2225 834 formulas
2252 794 2305 832 et

665 880 884 951 phrases,
913 879 1138 939 seledtas,
1168 879 1275 930 suas
1311 878 1559 939 facerent,
1594 879 1722 930 adeo
1758 891 1815 930 ut
1851 880 1903 929 in
1938 878 2165 949 ipsorum
2191 877 2302 928 dia-

664 977 855 1027 ledtum
888 994 1066 1026 omnes
1106 974 1322 1026 univerfi
1358 993 1562 1045 quaqua
1596 987 1738 1045 patet
1766 972 2015 1044 Arabffmi
2040 973 2306 1044 elegantiae

664 1071 1027 1122 confluxerint.
1093 1071 1310 1141 Linguae
1350 1083 1524 1121 autem
1566 1070 1665 1121 suae
1708 1071 1759 1120 in
1805 1071 2105 1121 encomium
2143 1069 2306 1121 multa

663 1179 972 1237 congerunt,
1000 1179 1174 1236 atque,
1204 1166 1338 1217 inter
1373 1178 1574 1226 caetera,
1612 1165 1861 1216 immensa
1897 1165 2006 1234 ejus
2042 1163 2307 1216 latifundia

666 1262 978 1333 praedicant3
1019 1273 1160 1312 tanta
1197 1261 1465 1321 nimirum,
1506 1273 1564 1312 ut
1601 1279 1704 1312 non
1738 1261 1861 1312 alias
1898 1262 2032 1331 quis,
2060 1260 2148 1311 nis1
2181 1279 2304 1331 pro-

667 1357 876 1428 phetico
913 1355 1116 1408 afflatus
1155 1355 1335 1427 spiritu
1372 1357 1667 1408 universum
1707 1357 1816 1426 ejus
1859 1356 2114 1408 ambitum
2156 1375 2304 1407 com-

665 1451 1012 1523 prehenderit,
1059 1471 1152 1503 nec
1199 1452 1469 1522 quisquam
1520 1472 1582 1504 eo
1634 1471 1863 1523 unquam
1915 1452 2208 1523 pervenerit
2250 1465 2307 1503 ut

666 1567 844 1600 omnes
891 1549 998 1618 ejus
1051 1547 1312 1600 thesauros
1364 1547 1676 1600 exhauriret.
1742 1551 2014 1619 Qantum
2058 1548 2306 1608 Graecam,

666 1644 920 1704 Latinam,
948 1644 1170 1714 aliasque
1205 1643 1497 1715 linguarum
1530 1644 1822 1715 praecipuas,
1852 1644 2130 1696 verborum
2158 1645 2307 1715 copia

665 1741 888 1811 superet,
929 1738 1051 1790 hinc
1090 1739 1346 1808 conjicere
1391 1740 1533 1800 licet,
1575 1740 1715 1810 quod
1758 1740 2032 1810 aliquando
2077 1739 2161 1791 vel
2204 1739 2306 1791 sola

665 1836 978 1887 diversarum
1018 1835 1165 1886 unius
1204 1836 1278 1886 rei
1313 1835 1726 1906 appellationum
1764 1836 2085 1887 enumeratio
2121 1847 2173 1887 et
2210 1855 2304 1887 ex-

666 1932 877 2002 plicatio
919 1930 1108 2000 justam
1153 1931 1429 1982 voluminis
1470 1932 1657 2002 integri
1695 1932 1965 1983 materiam
2010 1931 2304 2002 praebuerit.

667 2028 746 2078 Sic
768 2026 1053 2078 dofitiffimo
1074 2028 1414 2102 grammatico
1438 2025 1547 2078 Ebn
1572 2026 1857 2078 Chala-wath
1883 2027 2002 2078 libri
2022 2028 2169 2078 unius
2189 2027 2306 2078 sub-

659 2123 857 2191 jeditum
888 2123 1076 2173 Leonis
1105 2123 1334 2183 nomina,
1359 2142 1471 2193 quae
1489 2124 1803 2193 quingenta,
1831 2122 2059 2183 alterius,
2083 2123 2304 2193 Serpen-

667 2218 747 2275 tis,
777 2236 893 2287 quae
918 2217 1160 2277 ducenta,
1189 2217 1313 2268 teste
1341 2216 1686 2288 Jallalo'ddino
1707 2218 1755 2268 ἠὲ.
1803 2216 2011 2268 Author
2031 2218 2240 2269 Kamufi
2258 2222 2304 2278 †,

667 2310 974 2362 Mallammea'
993 2311 1482 2374 Ale'rauzabadias,
1511 2313 1703 2365 librum
1735 2314 1996 2384 integrum
2035 2314 2096 2364 de
2138 2313 2306 2364 mellis

668 2407 1096 2478 appellationibus
1139 2421 1190 2459 et
1238 2408 1456 2464 utilitate
1499 2408 1547 2459 se
1593 2408 1929 2479 conscripfiffe
1975 2409 2063 2469 ait,
2108 2409 2159 2460 in
2204 2427 2308 2479 quo

669 2522 790 2554 cum
828 2503 1091 2573 offitoginta
1131 2503 1239 2572 ejus
1283 2504 1493 2555 nomina
1541 2504 1867 2564 recensuerit,
1916 2516 2080 2556 totam
2133 2516 2308 2556 tamen

670 2597 779 2666 ejus
820 2598 1261 2649 nomenclaturam
1298 2618 1402 2650 non
1429 2598 1692 2650 absolvisse
1721 2603 1968 2652 notatur‡
1989 2639 2001 2650 .
2069 2599 2311 2652 Testatur

671 2692 852 2746 idem§
890 2693 1016 2743 enfis
1060 2693 1422 2764 appellationes
1465 2695 1598 2746 ultra
1644 2694 1784 2745 mille
1829 2695 1877 2745 se
1921 2695 1973 2745 in
2016 2694 2146 2746 libro
2186 2714 2214 2746 a
2259 2695 2308 2747 se

671 2787 953 2856 composito
1001 2788 1333 2840 enumeraffe.
1418 2791 1574 2841 Certe
1620 2791 1672 2840 in
1713 2790 1901 2860 linguae
1947 2802 2053 2841 tam
2097 2790 2311 2860 copiosae

673 2882 853 2953 peritia
901 2883 1040 2954 larga
1090 2897 1196 2934 erat
1248 2885 1501 2954 gloriandi
1564 2886 1798 2945 materia,
1864 2885 2069 2937 interim
2132 2897 2308 2937 tamen

672 2979 815 3028 aiunt
839 2975 858 3040 ΙΙ
900 2978 1041 3048 quod
1066 2979 1320 3048 reliquum
1349 2980 1421 3031 est
1447 2979 1557 3048 ejus
1598 2979 1695 3031 effe
1726 3002 1865 3060 5⁴⁰&
1904 3021 1963 3052 υ,
1996 2991 2099 3060 3⁴:⁸³3
2128 2991 2309 3050 parum

672 3071 915 3124 admodum
941 3092 964 3125 e
989 3073 1152 3124 multo,
1212 3075 1330 3126 Nec
1358 3076 1592 3127 omnium
1620 3089 1725 3127 erat
1752 3075 2034 3146 eleganter,
2062 3094 2156 3127 nec
2182 3093 2305 3146 pro-
