2498 3575
662 309 770 349 EX
831 309 1368 351 ABULFEDA.
1980 312 2078 379 563

261 476 416 528 Anza
447 495 572 528 vero
605 477 742 528 filius
778 477 955 538 Asadi,
991 478 1167 528 Rebiae
1205 496 1386 545 nepos,
1415 478 1622 529 Anzitis
1664 488 1837 529 ortum

187 572 347 631 dedit,
372 573 463 639 qui
489 571 814 622 Khaibarum
845 572 1164 623 incolebant.
1222 574 1306 623 Ad
1336 572 1555 623 Anzitas
1585 573 1836 624 referendi

186 667 292 716 duo
318 667 413 716 viri
446 666 673 717 Coriarii
699 667 840 718 dieii.

260 759 304 811 E
339 759 604 830 Dhobaya
639 761 817 812 Rebiae
854 761 1018 812 altero
1053 762 1161 812 filio
1189 763 1444 830 originem
1476 763 1658 813 habuit
1687 772 1840 831 poeta

185 853 639 907 Motalammasus.
692 856 777 906 Ad
806 856 1028 907 familias
1058 856 1381 907 Rebiitarum
1413 858 1680 924 pertinent
1707 876 1839 925 quo-

185 968 288 1018 que
340 950 602 1011 Nimritae,
656 950 1005 1020 Lodjaimitae,
1058 951 1323 1020 Adjalitae,
1374 952 1465 1001 filii
1514 951 1838 1002 Abdal-kaifi

184 1046 274 1113 qui
318 1045 418 1096 fuit
453 1063 482 1096 e
519 1047 733 1114 posteris
773 1046 931 1096 Asadi
968 1047 1059 1096 filii
1096 1047 1289 1098 Rebiae.
1373 1047 1589 1098 Rebiitis
1629 1067 1865 1133 quoque¹

1909 962 1945 998 P.
1967 961 2058 1009 484.

183 1141 528 1192 accensentur
557 1141 840 1192 Sadoufitae
867 1150 920 1192 et
948 1141 1318 1192 Lahazamita‘.

256 1235 467 1286 Tertius
502 1235 693 1286 Nezari
734 1236 872 1287 filius
912 1236 1199 1296 Anmarus,
1235 1236 1528 1287 chanam
1571 1236 1837 1306 profectus

182 1426 338 1485 erint,
367 1425 631 1477 Arabibus
659 1425 1075 1477 Yemanenfibus
1102 1427 1458 1477 accensentur.

257 1520 552 1572 RIodharus
599 1522 734 1572 filios
780 1522 966 1572 habuit
1013 1520 1325 1590 ElyasumK
1373 1539 1464 1589 per
1510 1540 1666 1590 quem
1716 1541 1836 1590 pio-

183 1616 359 1683 phetae
397 1617 706 1686 genealogia
745 1617 970 1676 ducitur,
1012 1626 1064 1666 et
1098 1625 1214 1666 extr
1215 1635 1245 1667 a
1280 1617 1416 1666 hanc
1453 1618 1835 1686 genealogiam,
1881 1639 1975 1698 δρῶ
1988 1609 2020 1632 '¹’
1989 1610 2170 1696 nffistsi

1878 1706 1932 1792 lAr
1933 1663 2048 1792 αὸὲῐρ.
2070 1703 2134 1749 48.
2165 1681 2168 1736 l

183 1806 365 1857 lanum
401 1807 571 1856 filium
603 1806 869 1857 Modhaii.
950 1806 1171 1857 Ailanus
1205 1824 1297 1875 per
1323 1806 1428 1867 ain,
1459 1825 1565 1857 non
1594 1825 1687 1875 per
1706 1807 1837 1877 gain
1878 1810 1900 1846 1
1922 1766 1994 1859 {7-
2032 1770 2068 1806 p
2084 1769 2149 1807 49
2164 1739 2167 1863 l

182 1901 386 1952 literam
423 1901 572 1952 scribi
610 1902 781 1952 debet.
863 1901 981 1952 Fuit
1007 1901 1229 1952 Ailanus
1263 1920 1430 1970 equus
1466 1901 1621 1962 Kaifi,
1648 1903 1748 1962 v,el
1776 1912 1835 1953 ut
2163 1868 2167 1968 l

183 1331 285 1390 est;
329 1349 561 1399 cumque
586 1332 774 1400 posteri
802 1333 912 1401 ejus
940 1332 995 1381 in
1025 1332 1124 1382 hac
1152 1331 1365 1401 regione
1399 1331 1630 1382 sobolem
1670 1333 1836 1383 habu
1862 1339 1868 1488 ἱ

1864 1496 1868 1655 ἶ

185 1709 338 1761 Kais-
342 1711 632 1762 Ailanum:
675 1712 759 1762 alii
786 1712 974 1762 volunt
1010 1711 1223 1762 Kaiium
1250 1721 1456 1780 patrem
1485 1713 1714 1763 habuifle
1740 1713 1836 1763 Ai-

179 1997 281 2054 alii,
308 1996 452 2046 canis
480 1997 616 2065 ejus:
654 1996 774 2047 sunt
801 2005 980 2048 tamen
1009 1998 1098 2065 qui
1124 1998 1311 2048 volunt
1338 1998 1590 2049 Ailanum
1619 1998 1832 2050 fratrem
2163 1988 2167 2085 Ι

178 2092 326 2142 fuiffe
370 2091 561 2161 Elyasi,
608 2109 912 2160 nomenque
958 2092 1190 2143 habuiffe
1235 2091 1534 2144 Al-Nasum
1587 2093 1835 2145 Modhari

178 2188 372 2249 filium;
403 2188 554 2255 eique
577 2187 771 2238 Ailano
793 2188 960 2238 filium
986 2197 1168 2238 natum
1196 2186 1429 2248 Kaisum,
1447 2188 1623 2239 Ailani
1646 2189 1830 2241 filium.

180 2282 322 2333 Huic
349 2283 544 2333 Ailano
579 2281 812 2332 sobolem
845 2282 1015 2334 multo
1050 2283 1458 2337 numerofiorem
1487 2284 1631 2334 dedit
1666 2283 1828 2335 Deus.

179 2376 259 2428 Ex
285 2378 397 2446 ejus
424 2377 638 2446 posteris
666 2377 786 2427 sunt
813 2376 1280 2428 Hawazenitarum
1309 2377 1539 2429 familiae.

252 2472 332 2523 Ex
369 2472 728 2523 Hawazenitis
765 2472 884 2522 sunt
919 2472 1013 2522 filii
1055 2472 1223 2533 Saadi,
1251 2473 1340 2523 filii
1383 2472 1552 2533 Becri,
1589 2474 1681 2524 filii
1721 2473 1831 2525 Ha-

176 2567 399 2628 Wazeni,
419 2568 557 2618 inter
577 2585 709 2635 quos
731 2567 1002 2619 allaetatus
1021 2568 1092 2617 est
1116 2568 1377 2635 apostolus
1396 2566 1514 2618 Dei.
1554 2567 1597 2618 E
1621 2569 1830 2620 familiis

174 2681 299 2714 vero
329 2662 642 2713 Kaifitarum
671 2661 791 2713 sunt
820 2661 1095 2723 Kelabitae,
1123 2680 1152 2712 e
1178 2663 1368 2731 quibus
1403 2663 1503 2712 orti
1533 2662 1651 2714 sunt
1684 2682 1830 2734 reges

178 2757 387 2818 IIalebi,
425 2758 562 2808 inter
595 2775 726 2825 quos
766 2757 967 2825 primus
1007 2757 1108 2808 fuit
1151 2757 1366 2808 Salehus
1410 2759 1546 2809 filius
1586 2758 1826 2809 Merdasi.

176 2852 382 2904 Kaifitis
420 2871 632 2921 quoque
672 2853 1089 2903 adnumerantur
1128 2852 1393 2914 Okailitae,
1422 2873 1647 2921 quorum
1683 2855 1829 2906 fuere

173 2948 367 2999 Mosuli
395 2966 542 3017 reges
572 2947 906 2999 Mokalledus
929 2958 981 2997 et
1006 2947 1361 3006 Kirwaschus‚
1387 2949 1594 3017 aliique.
1660 2949 1827 3001 Ame-

173 3046 303 3106 ritae,
336 3045 575 3095 Saasaitae
611 3053 664 3094 et
702 3043 1021 3111 Khafadjitae
1059 3043 1123 3093 ad
1163 3041 1380 3094 Kaifitas
1421 3061 1632 3112 quoque
1667 3045 1827 3111 perti-

944 3137 968 3170 4
989 3124 1020 3159 c
1046 3136 1064 3159 2
