<?xml version="1.0" encoding="UTF-8"?>
<!DOCTYPE html PUBLIC "-//W3C//DTD XHTML 1.0 Transitional//EN"
    "http://www.w3.org/TR/xhtml1/DTD/xhtml1-transitional.dtd">
<html xmlns="http://www.w3.org/1999/xhtml" xml:lang="en" lang="en">
 <head>
  <title>
</title>
<meta http-equiv="Content-Type" content="text/html;charset=utf-8" />
  <meta name='ocr-system' content='tesseract 3.04.00' />
  <meta name='ocr-capabilities' content='ocr_page ocr_carea ocr_par ocr_line ocrx_word'/>
</head>
<body>
  <div class='ocr_page' id='page_1' title='image "./specimenhistoria00pocouoft_0523.png"; bbox 0 0 2498 3575; ppageno 0'>
   <div class='ocr_carea' id='block_1_1' title="bbox 0 0 48 3575">
    <p class='ocr_par' dir='ltr' id='par_1_1' title="bbox 0 0 48 3575">
     <span class='ocr_line' id='line_1_1' title="bbox 0 0 48 3575; baseline 0 0"><span class='ocrx_word' id='word_1_1' title='bbox 0 0 48 3575; x_wconf 95' lang='lat' dir='ltr'><strong> </strong></span> 
     </span>
    </p>
   </div>
   <div class='ocr_carea' id='block_1_2' title="bbox 1817 223 2024 230">
    <p class='ocr_par' dir='ltr' id='par_1_2' title="bbox 1817 223 2024 230">
     <span class='ocr_line' id='line_1_2' title="bbox 1817 223 2024 230; baseline 0 3345"><span class='ocrx_word' id='word_1_2' title='bbox 1817 223 2024 230; x_wconf 95' lang='lat' dir='ltr'><strong> </strong></span> 
     </span>
    </p>
   </div>
   <div class='ocr_carea' id='block_1_3' title="bbox 657 309 1368 355">
    <p class='ocr_par' dir='ltr' id='par_1_3' title="bbox 657 309 1368 355">
     <span class='ocr_line' id='line_1_3' title="bbox 657 309 1368 355; baseline 0.004 -7"><span class='ocrx_word' id='word_1_3' title='bbox 657 309 765 350; x_wconf 83' lang='lat' dir='ltr'><strong>EX</strong></span> <span class='ocrx_word' id='word_1_4' title='bbox 827 310 1368 355; x_wconf 78' lang='lat' dir='ltr'>ABULFEDA.</span> 
     </span>
    </p>
   </div>
   <div class='ocr_carea' id='block_1_4' title="bbox 183 481 1848 2252">
    <p class='ocr_par' dir='ltr' id='par_1_4' title="bbox 183 481 1848 2252">
     <span class='ocr_line' id='line_1_4' title="bbox 186 481 1842 552; baseline 0.001 -21"><span class='ocrx_word' id='word_1_5' title='bbox 186 498 304 531; x_wconf 85' lang='lat' dir='ltr'><strong>rum</strong></span> <span class='ocrx_word' id='word_1_6' title='bbox 347 482 708 547; x_wconf 83' lang='lat' dir='ltr'><strong>multitudine,</strong></span> <span class='ocrx_word' id='word_1_7' title='bbox 743 501 913 534; x_wconf 91' lang='lat' dir='ltr'><strong>unum</strong></span> <span class='ocrx_word' id='word_1_8' title='bbox 955 482 1134 533; x_wconf 91' lang='lat' dir='ltr'><strong>Deum</strong></span> <span class='ocrx_word' id='word_1_9' title='bbox 1177 481 1542 552; x_wconf 80' lang='lat' dir='ltr'>agnoscerent,</span> <span class='ocrx_word' id='word_1_10' title='bbox 1590 482 1842 550; x_wconf 88' lang='lat' dir='ltr'><strong>cultuque</strong></span> 
     </span>
     <span class='ocr_line' id='line_1_5' title="bbox 187 576 1842 645; baseline 0.001 -20"><span class='ocrx_word' id='word_1_11' title='bbox 187 576 367 626; x_wconf 91' lang='lat' dir='ltr'><strong>debito</strong></span> <span class='ocrx_word' id='word_1_12' title='bbox 391 576 851 645; x_wconf 81' lang='lat' dir='ltr'><strong>prosequerentur.</strong></span> <span class='ocrx_word' id='word_1_13' title='bbox 925 577 1252 628; x_wconf 83' lang='lat' dir='ltr'><strong>Habitabant</strong></span> <span class='ocrx_word' id='word_1_14' title='bbox 1280 587 1459 627; x_wconf 87' lang='lat' dir='ltr'><strong>autem</strong></span> <span class='ocrx_word' id='word_1_15' title='bbox 1483 577 1531 627; x_wconf 89' lang='lat' dir='ltr'>T</span> <span class='ocrx_word' id='word_1_16' title='bbox 1535 577 1842 636; x_wconf 79' lang='lat' dir='ltr'><strong>hamuditae,</strong></span> 
     </span>
     <span class='ocr_line' id='line_1_6' title="bbox 186 671 1843 742; baseline 0.001 -22"><span class='ocrx_word' id='word_1_17' title='bbox 186 679 244 720; x_wconf 91' lang='lat' dir='ltr'><strong>ut</strong></span> <span class='ocrx_word' id='word_1_18' title='bbox 260 671 375 740; x_wconf 88' lang='lat' dir='ltr'><strong>jam</strong></span> <span class='ocrx_word' id='word_1_19' title='bbox 405 672 606 723; x_wconf 66' lang='lat' dir='ltr'><strong>dietum</strong></span> <span class='ocrx_word' id='word_1_20' title='bbox 643 673 732 733; x_wconf 85' lang='lat' dir='ltr'><strong>est,</strong></span> <span class='ocrx_word' id='word_1_21' title='bbox 762 672 994 742; x_wconf 83' lang='lat' dir='ltr'><strong>Hadjari.</strong></span> <span class='ocrx_word' id='word_1_22' title='bbox 1074 673 1148 723; x_wconf 88' lang='lat' dir='ltr'><strong>At</strong></span> <span class='ocrx_word' id='word_1_23' title='bbox 1176 690 1239 722; x_wconf 85' lang='lat' dir='ltr'><strong>ex</strong></span> <span class='ocrx_word' id='word_1_24' title='bbox 1268 673 1328 722; x_wconf 86' lang='lat' dir='ltr'><strong>iis</strong></span> <span class='ocrx_word' id='word_1_25' title='bbox 1356 673 1509 740; x_wconf 86' lang='lat' dir='ltr'><strong>pauci</strong></span> <span class='ocrx_word' id='word_1_26' title='bbox 1534 673 1843 731; x_wconf 85' lang='lat' dir='ltr'>admodum,</span> 
     </span>
     <span class='ocr_line' id='line_1_7' title="bbox 185 765 1843 837; baseline 0.001 -22"><span class='ocrx_word' id='word_1_27' title='bbox 185 765 327 833; x_wconf 91' lang='lat' dir='ltr'><strong>iique</strong></span> <span class='ocrx_word' id='word_1_28' title='bbox 353 766 492 816; x_wconf 88' lang='lat' dir='ltr'><strong>inter</strong></span> <span class='ocrx_word' id='word_1_29' title='bbox 518 766 636 817; x_wconf 90' lang='lat' dir='ltr'><strong>suos</strong></span> <span class='ocrx_word' id='word_1_30' title='bbox 664 768 922 837; x_wconf 83' lang='lat' dir='ltr'><strong>ignobiles</strong></span> <span class='ocrx_word' id='word_1_31' title='bbox 949 778 1001 818; x_wconf 91' lang='lat' dir='ltr'><strong>et</strong></span> <span class='ocrx_word' id='word_1_32' title='bbox 1035 767 1282 836; x_wconf 49' lang='lat' dir='ltr'><strong>despecii,</strong></span> <span class='ocrx_word' id='word_1_33' title='bbox 1310 768 1414 818; x_wconf 74' lang='lat' dir='ltr'><strong>vati</strong></span> <span class='ocrx_word' id='word_1_34' title='bbox 1444 767 1535 817; x_wconf 82' lang='lat' dir='ltr'><strong>suo</strong></span> <span class='ocrx_word' id='word_1_35' title='bbox 1562 768 1721 818; x_wconf 88' lang='lat' dir='ltr'><strong>fidem</strong></span> <span class='ocrx_word' id='word_1_36' title='bbox 1751 769 1843 817; x_wconf 89' lang='lat' dir='ltr'><strong>ha-</strong></span> 
     </span>
     <span class='ocr_line' id='line_1_8' title="bbox 185 860 1843 931; baseline 0.001 -21"><span class='ocrx_word' id='word_1_37' title='bbox 185 860 432 911; x_wconf 90' lang='lat' dir='ltr'><strong>buerunt.</strong></span> <span class='ocrx_word' id='word_1_38' title='bbox 512 861 704 912; x_wconf 82' lang='lat' dir='ltr'><strong>Caeteri</strong></span> <span class='ocrx_word' id='word_1_39' title='bbox 730 881 872 922; x_wconf 81' lang='lat' dir='ltr'><strong>vero,</strong></span> <span class='ocrx_word' id='word_1_40' title='bbox 897 862 987 930; x_wconf 88' lang='lat' dir='ltr'><strong>qui</strong></span> <span class='ocrx_word' id='word_1_41' title='bbox 1015 881 1124 912; x_wconf 91' lang='lat' dir='ltr'><strong>non</strong></span> <span class='ocrx_word' id='word_1_42' title='bbox 1152 863 1497 920; x_wconf 81' lang='lat' dir='ltr'><strong>crediderant,</strong></span> <span class='ocrx_word' id='word_1_43' title='bbox 1526 880 1641 912; x_wconf 88' lang='lat' dir='ltr'><strong>eam</strong></span> <span class='ocrx_word' id='word_1_44' title='bbox 1672 862 1843 931; x_wconf 76' lang='lat' dir='ltr'><strong>legem</strong></span> 
     </span>
     <span class='ocr_line' id='line_1_9' title="bbox 184 954 1845 1026; baseline 0.001 -22"><span class='ocrx_word' id='word_1_45' title='bbox 184 954 276 1021; x_wconf 85' lang='lat' dir='ltr'><strong>fibi</strong></span> <span class='ocrx_word' id='word_1_46' title='bbox 303 954 600 1024; x_wconf 89' lang='lat' dir='ltr'><strong>Salehoque</strong></span> <span class='ocrx_word' id='word_1_47' title='bbox 627 957 890 1016; x_wconf 83' lang='lat' dir='ltr'><strong>dixerunt,</strong></span> <span class='ocrx_word' id='word_1_48' title='bbox 914 967 973 1008; x_wconf 88' lang='lat' dir='ltr'><strong>ut</strong></span> <span class='ocrx_word' id='word_1_49' title='bbox 996 958 1167 1008; x_wconf 70' lang='lat' dir='ltr'><strong>verbis</strong></span> <span class='ocrx_word' id='word_1_50' title='bbox 1194 957 1306 1026; x_wconf 91' lang='lat' dir='ltr'><strong>ejus</strong></span> <span class='ocrx_word' id='word_1_51' title='bbox 1334 958 1625 1016; x_wconf 79' lang='lat' dir='ltr'><strong>crederent,</strong></span> <span class='ocrx_word' id='word_1_52' title='bbox 1654 956 1688 1006; x_wconf 89' lang='lat' dir='ltr'>fi</span> <span class='ocrx_word' id='word_1_53' title='bbox 1716 957 1845 1006; x_wconf 92' lang='lat' dir='ltr'><strong>illud</strong></span> 
     </span>
     <span class='ocr_line' id='line_1_10' title="bbox 185 1049 1842 1120; baseline 0.001 -20"><span class='ocrx_word' id='word_1_54' title='bbox 185 1049 434 1101; x_wconf 76' lang='lat' dir='ltr'><strong>effecifl&#39;et</strong></span> <span class='ocrx_word' id='word_1_55' title='bbox 461 1053 605 1119; x_wconf 90' lang='lat' dir='ltr'><strong>quod</strong></span> <span class='ocrx_word' id='word_1_56' title='bbox 640 1052 706 1102; x_wconf 84' lang='lat' dir='ltr'><strong>ab</strong></span> <span class='ocrx_word' id='word_1_57' title='bbox 742 1052 852 1120; x_wconf 91' lang='lat' dir='ltr'><strong>ipso</strong></span> <span class='ocrx_word' id='word_1_58' title='bbox 889 1053 1172 1120; x_wconf 79' lang='lat' dir='ltr'><strong>expetituri</strong></span> <span class='ocrx_word' id='word_1_59' title='bbox 1207 1052 1386 1102; x_wconf 80' lang='lat' dir='ltr'><strong>ess&#39;ent.</strong></span> <span class='ocrx_word' id='word_1_60' title='bbox 1466 1052 1842 1102; x_wconf 87' lang='lat' dir='ltr'><strong>Conditionem</strong></span> 
     </span>
     <span class='ocr_line' id='line_1_11' title="bbox 186 1145 1844 1215; baseline 0.001 -20"><span class='ocrx_word' id='word_1_61' title='bbox 186 1163 295 1195; x_wconf 90' lang='lat' dir='ltr'><strong>non</strong></span> <span class='ocrx_word' id='word_1_62' title='bbox 320 1145 592 1196; x_wconf 83' lang='lat' dir='ltr'><strong>abnuente</strong></span> <span class='ocrx_word' id='word_1_63' title='bbox 631 1145 838 1206; x_wconf 80' lang='lat' dir='ltr'><strong>Salebo,</strong></span> <span class='ocrx_word' id='word_1_64' title='bbox 867 1147 1134 1215; x_wconf 86' lang='lat' dir='ltr'><strong>petierunt</strong></span> <span class='ocrx_word' id='word_1_65' title='bbox 1167 1157 1225 1196; x_wconf 91' lang='lat' dir='ltr'><strong>ut</strong></span> <span class='ocrx_word' id='word_1_66' title='bbox 1262 1164 1290 1196; x_wconf 92' lang='lat' dir='ltr'><strong>e</strong></span> <span class='ocrx_word' id='word_1_67' title='bbox 1327 1156 1468 1197; x_wconf 86' lang='lat' dir='ltr'><strong>certa</strong></span> <span class='ocrx_word' id='word_1_68' title='bbox 1504 1164 1633 1214; x_wconf 90' lang='lat' dir='ltr'><strong>rupe</strong></span> <span class='ocrx_word' id='word_1_69' title='bbox 1669 1163 1844 1196; x_wconf 83' lang='lat' dir='ltr'><strong>came-</strong></span> 
     </span>
     <span class='ocr_line' id='line_1_12' title="bbox 183 1240 1844 1310; baseline 0.001 -19"><span class='ocrx_word' id='word_1_70' title='bbox 183 1240 289 1291; x_wconf 90' lang='lat' dir='ltr'><strong>lam</strong></span> <span class='ocrx_word' id='word_1_71' title='bbox 317 1241 581 1291; x_wconf 88' lang='lat' dir='ltr'><strong>educeret.</strong></span> <span class='ocrx_word' id='word_1_72' title='bbox 661 1240 753 1291; x_wconf 87' lang='lat' dir='ltr'><strong>Nil</strong></span> <span class='ocrx_word' id='word_1_73' title='bbox 787 1242 1067 1292; x_wconf 71' lang='lat' dir='ltr'><strong>cunctatus</strong></span> <span class='ocrx_word' id='word_1_74' title='bbox 1102 1242 1339 1301; x_wconf 82' lang='lat' dir='ltr'><strong>Salehus‚</strong></span> <span class='ocrx_word' id='word_1_75' title='bbox 1368 1259 1548 1310; x_wconf 85' lang='lat' dir='ltr'><strong>preces</strong></span> <span class='ocrx_word' id='word_1_76' title='bbox 1575 1242 1640 1292; x_wconf 90' lang='lat' dir='ltr'><strong>ad</strong></span> <span class='ocrx_word' id='word_1_77' title='bbox 1667 1240 1844 1292; x_wconf 92' lang='lat' dir='ltr'><strong>Deum</strong></span> 
     </span>
     <span class='ocr_line' id='line_1_13' title="bbox 186 1336 1846 1405; baseline 0 -19"><span class='ocrx_word' id='word_1_78' title='bbox 186 1337 394 1396; x_wconf 85' lang='lat' dir='ltr'><strong>direxit,</strong></span> <span class='ocrx_word' id='word_1_79' title='bbox 422 1336 704 1405; x_wconf 87' lang='lat' dir='ltr'><strong>statimque</strong></span> <span class='ocrx_word' id='word_1_80' title='bbox 731 1354 759 1387; x_wconf 90' lang='lat' dir='ltr'><strong>e</strong></span> <span class='ocrx_word' id='word_1_81' title='bbox 786 1354 914 1404; x_wconf 90' lang='lat' dir='ltr'><strong>rupe</strong></span> <span class='ocrx_word' id='word_1_82' title='bbox 942 1337 1142 1387; x_wconf 90' lang='lat' dir='ltr'><strong>camela</strong></span> <span class='ocrx_word' id='word_1_83' title='bbox 1167 1337 1381 1405; x_wconf 88' lang='lat' dir='ltr'><strong>prodiit,</strong></span> <span class='ocrx_word' id='word_1_84' title='bbox 1411 1355 1529 1405; x_wconf 81' lang='lat' dir='ltr'><strong>quae</strong></span> <span class='ocrx_word' id='word_1_85' title='bbox 1555 1345 1609 1387; x_wconf 92' lang='lat' dir='ltr'><strong>et</strong></span> <span class='ocrx_word' id='word_1_86' title='bbox 1638 1336 1846 1405; x_wconf 87' lang='lat' dir='ltr'><strong>pullum</strong></span> 
     </span>
     <span class='ocr_line' id='line_1_14' title="bbox 184 1431 1848 1492; baseline -0.001 -10"><span class='ocrx_word' id='word_1_87' title='bbox 184 1432 341 1482; x_wconf 81' lang='lat' dir='ltr'><strong>enixa</strong></span> <span class='ocrx_word' id='word_1_88' title='bbox 379 1432 467 1482; x_wconf 87' lang='lat' dir='ltr'><strong>est.</strong></span> <span class='ocrx_word' id='word_1_89' title='bbox 546 1431 887 1483; x_wconf 82' lang='lat' dir='ltr'><strong>Thamuditae</strong></span> <span class='ocrx_word' id='word_1_90' title='bbox 921 1449 1047 1482; x_wconf 84' lang='lat' dir='ltr'><strong>vero</strong></span> <span class='ocrx_word' id='word_1_91' title='bbox 1088 1450 1197 1481; x_wconf 89' lang='lat' dir='ltr'><strong>non</strong></span> <span class='ocrx_word' id='word_1_92' title='bbox 1238 1432 1592 1492; x_wconf 88' lang='lat' dir='ltr'><strong>crediderunt,</strong></span> <span class='ocrx_word' id='word_1_93' title='bbox 1634 1432 1743 1482; x_wconf 89' lang='lat' dir='ltr'><strong>imo</strong></span> <span class='ocrx_word' id='word_1_94' title='bbox 1782 1432 1848 1481; x_wconf 90' lang='lat' dir='ltr'><strong>ad</strong></span> 
     </span>
     <span class='ocr_line' id='line_1_15' title="bbox 184 1525 1846 1596; baseline -0.001 -19"><span class='ocrx_word' id='word_1_95' title='bbox 184 1526 456 1587; x_wconf 88' lang='lat' dir='ltr'><strong>ultimum,</strong></span> <span class='ocrx_word' id='word_1_96' title='bbox 512 1527 789 1586; x_wconf 85' lang='lat' dir='ltr'><strong>camelam,</strong></span> <span class='ocrx_word' id='word_1_97' title='bbox 845 1527 1130 1594; x_wconf 78' lang='lat' dir='ltr'><strong>amputatis</strong></span> <span class='ocrx_word' id='word_1_98' title='bbox 1182 1525 1571 1596; x_wconf 84' lang='lat' dir='ltr'><strong>suffraginibus,</strong></span> <span class='ocrx_word' id='word_1_99' title='bbox 1624 1543 1846 1576; x_wconf 87' lang='lat' dir='ltr'><strong>necave-</strong></span> 
     </span>
     <span class='ocr_line' id='line_1_16' title="bbox 186 1619 1846 1690; baseline -0.001 -18"><span class='ocrx_word' id='word_1_100' title='bbox 186 1631 311 1673; x_wconf 83' lang='lat' dir='ltr'><strong>runt</strong></span> <span class='ocrx_word' id='word_1_101' title='bbox 334 1643 344 1673; x_wconf 93' lang='lat'>:</span> <span class='ocrx_word' id='word_1_102' title='bbox 386 1640 521 1690; x_wconf 89' lang='lat' dir='ltr'><strong>quos</strong></span> <span class='ocrx_word' id='word_1_103' title='bbox 548 1621 714 1683; x_wconf 84' lang='lat' dir='ltr'><strong>Deus,</strong></span> <span class='ocrx_word' id='word_1_104' title='bbox 743 1622 910 1672; x_wconf 89' lang='lat' dir='ltr'><strong>tribus</strong></span> <span class='ocrx_word' id='word_1_105' title='bbox 938 1622 1120 1672; x_wconf 85' lang='lat' dir='ltr'><strong>diebus</strong></span> <span class='ocrx_word' id='word_1_106' title='bbox 1147 1621 1346 1689; x_wconf 81' lang='lat' dir='ltr'><strong>elapsis,</strong></span> <span class='ocrx_word' id='word_1_107' title='bbox 1366 1619 1587 1681; x_wconf 74' lang='lat' dir='ltr'><strong>delevit,</strong></span> <span class='ocrx_word' id='word_1_108' title='bbox 1614 1620 1846 1671; x_wconf 89' lang='lat' dir='ltr'><strong>clamore</strong></span> 
     </span>
     <span class='ocr_line' id='line_1_17' title="bbox 187 1715 1843 1786; baseline -0.001 -18"><span class='ocrx_word' id='word_1_109' title='bbox 187 1717 388 1768; x_wconf 80' lang='lat' dir='ltr'><strong>caelitus</strong></span> <span class='ocrx_word' id='word_1_110' title='bbox 421 1717 619 1776; x_wconf 75' lang='lat' dir='ltr'><strong>emifl&#39;o,</strong></span> <span class='ocrx_word' id='word_1_111' title='bbox 655 1718 709 1768; x_wconf 88' lang='lat' dir='ltr'><strong>in</strong></span> <span class='ocrx_word' id='word_1_112' title='bbox 749 1736 856 1786; x_wconf 91' lang='lat' dir='ltr'><strong>quo</strong></span> <span class='ocrx_word' id='word_1_113' title='bbox 893 1726 1005 1768; x_wconf 88' lang='lat' dir='ltr'><strong>erat</strong></span> <span class='ocrx_word' id='word_1_114' title='bbox 1041 1716 1285 1767; x_wconf 90' lang='lat' dir='ltr'><strong>omnium</strong></span> <span class='ocrx_word' id='word_1_115' title='bbox 1326 1715 1616 1766; x_wconf 87' lang='lat' dir='ltr'><strong>fulminum</strong></span> <span class='ocrx_word' id='word_1_116' title='bbox 1650 1715 1843 1785; x_wconf 84' lang='lat' dir='ltr'><strong>fragor.</strong></span> 
     </span>
     <span class='ocr_line' id='line_1_18' title="bbox 187 1808 1844 1881; baseline -0.001 -18"><span class='ocrx_word' id='word_1_117' title='bbox 187 1808 377 1881; x_wconf 83' lang='lat' dir='ltr'><strong>Itaque</strong></span> <span class='ocrx_word' id='word_1_118' title='bbox 414 1813 716 1881; x_wconf 85' lang='lat' dir='ltr'><strong>praecordiis</strong></span> <span class='ocrx_word' id='word_1_119' title='bbox 754 1812 966 1863; x_wconf 91' lang='lat' dir='ltr'><strong>illorum</strong></span> <span class='ocrx_word' id='word_1_120' title='bbox 1009 1811 1203 1872; x_wconf 56' lang='lat' dir='ltr'><strong>fractis,</strong></span> <span class='ocrx_word' id='word_1_121' title='bbox 1244 1812 1448 1862; x_wconf 80' lang='lat' dir='ltr'><strong>inventi</strong></span> <span class='ocrx_word' id='word_1_122' title='bbox 1489 1811 1610 1862; x_wconf 89' lang='lat' dir='ltr'><strong>sunt</strong></span> <span class='ocrx_word' id='word_1_123' title='bbox 1646 1812 1730 1862; x_wconf 90' lang='lat' dir='ltr'><strong>die</strong></span> <span class='ocrx_word' id='word_1_124' title='bbox 1762 1811 1844 1861; x_wconf 93' lang='lat' dir='ltr'><strong>in-</strong></span> 
     </span>
     <span class='ocr_line' id='line_1_19' title="bbox 188 1906 1845 1976; baseline -0.001 -18"><span class='ocrx_word' id='word_1_125' title='bbox 188 1907 426 1976; x_wconf 86' lang='lat' dir='ltr'><strong>sequenti</strong></span> <span class='ocrx_word' id='word_1_126' title='bbox 467 1908 522 1958; x_wconf 91' lang='lat' dir='ltr'><strong>in</strong></span> <span class='ocrx_word' id='word_1_127' title='bbox 561 1907 874 1958; x_wconf 82' lang='lat' dir='ltr'><strong>habitaculis</strong></span> <span class='ocrx_word' id='word_1_128' title='bbox 915 1907 1016 1958; x_wconf 89' lang='lat' dir='ltr'><strong>suis</strong></span> <span class='ocrx_word' id='word_1_129' title='bbox 1040 1907 1298 1976; x_wconf 85' lang='lat' dir='ltr'><strong>jacentes.</strong></span> <span class='ocrx_word' id='word_1_130' title='bbox 1379 1907 1597 1957; x_wconf 88' lang='lat' dir='ltr'><strong>Salehus</strong></span> <span class='ocrx_word' id='word_1_131' title='bbox 1632 1924 1757 1957; x_wconf 83' lang='lat' dir='ltr'><strong>vero</strong></span> <span class='ocrx_word' id='word_1_132' title='bbox 1791 1906 1845 1956; x_wconf 90' lang='lat' dir='ltr'><strong>in</strong></span> 
     </span>
     <span class='ocr_line' id='line_1_20' title="bbox 187 2001 1845 2072; baseline -0.001 -18"><span class='ocrx_word' id='word_1_133' title='bbox 187 2003 513 2054; x_wconf 62' lang='lat' dir='ltr'><strong>Palaestinam</strong></span> <span class='ocrx_word' id='word_1_134' title='bbox 538 2002 805 2072; x_wconf 81' lang='lat' dir='ltr'><strong>digressus,</strong></span> <span class='ocrx_word' id='word_1_135' title='bbox 830 2021 956 2054; x_wconf 84' lang='lat' dir='ltr'><strong>mox</strong></span> <span class='ocrx_word' id='word_1_136' title='bbox 983 2002 1106 2052; x_wconf 90' lang='lat' dir='ltr'><strong>inde</strong></span> <span class='ocrx_word' id='word_1_137' title='bbox 1133 2001 1419 2071; x_wconf 89' lang='lat' dir='ltr'><strong>Hidjazum</strong></span> <span class='ocrx_word' id='word_1_138' title='bbox 1446 2001 1616 2070; x_wconf 88' lang='lat' dir='ltr'><strong>petiit,</strong></span> <span class='ocrx_word' id='word_1_139' title='bbox 1644 2011 1704 2052; x_wconf 92' lang='lat' dir='ltr'><strong>ut</strong></span> <span class='ocrx_word' id='word_1_140' title='bbox 1731 2002 1845 2052; x_wconf 90' lang='lat' dir='ltr'><strong>cul-</strong></span> 
     </span>
     <span class='ocr_line' id='line_1_21' title="bbox 188 2096 1844 2166; baseline -0.001 -17"><span class='ocrx_word' id='word_1_141' title='bbox 188 2099 265 2149; x_wconf 88' lang='lat' dir='ltr'><strong>tui</strong></span> <span class='ocrx_word' id='word_1_142' title='bbox 305 2097 409 2149; x_wconf 90' lang='lat' dir='ltr'><strong>Dei</strong></span> <span class='ocrx_word' id='word_1_143' title='bbox 443 2107 671 2158; x_wconf 87' lang='lat' dir='ltr'><strong>vacaret,</strong></span> <span class='ocrx_word' id='word_1_144' title='bbox 700 2098 876 2165; x_wconf 86' lang='lat' dir='ltr'><strong>ibique</strong></span> <span class='ocrx_word' id='word_1_145' title='bbox 915 2097 1121 2157; x_wconf 90' lang='lat' dir='ltr'><strong>manfit,</strong></span> <span class='ocrx_word' id='word_1_146' title='bbox 1158 2097 1328 2148; x_wconf 91' lang='lat' dir='ltr'><strong>donec</strong></span> <span class='ocrx_word' id='word_1_147' title='bbox 1363 2096 1669 2166; x_wconf 89' lang='lat' dir='ltr'><strong>supremum</strong></span> <span class='ocrx_word' id='word_1_148' title='bbox 1704 2097 1844 2147; x_wconf 89' lang='lat' dir='ltr'><strong>diem</strong></span> 
     </span>
     <span class='ocr_line' id='line_1_22' title="bbox 189 2194 830 2252; baseline -0.003 -7"><span class='ocrx_word' id='word_1_149' title='bbox 189 2194 336 2252; x_wconf 89' lang='lat' dir='ltr'><strong>obiit,</strong></span> <span class='ocrx_word' id='word_1_150' title='bbox 368 2205 433 2246; x_wconf 84' lang='lat'><strong>58</strong></span> <span class='ocrx_word' id='word_1_151' title='bbox 463 2211 631 2245; x_wconf 89' lang='lat' dir='ltr'><strong>annos</strong></span> <span class='ocrx_word' id='word_1_152' title='bbox 660 2201 830 2244; x_wconf 83' lang='lat' dir='ltr'><strong>natuS.</strong></span> 
     </span>
    </p>
   </div>
   <div class='ocr_carea' id='block_1_5' title="bbox 295 2423 1744 2590">
    <p class='ocr_par' dir='ltr' id='par_1_5' title="bbox 295 2423 1744 2590">
     <span class='ocr_line' id='line_1_23' title="bbox 295 2423 1744 2500; baseline -0.003 -20"><span class='ocrx_word' id='word_1_153' title='bbox 295 2428 384 2480; x_wconf 67' lang='lat' dir='ltr'><strong>Ea:</strong></span> <span class='ocrx_word' id='word_1_154' title='bbox 409 2427 580 2497; x_wconf 79' lang='lat' dir='ltr'><strong>capite</strong></span> <span class='ocrx_word' id='word_1_155' title='bbox 605 2435 808 2500; x_wconf 70' lang='lat' dir='ltr'><strong>quarm,</strong></span> <span class='ocrx_word' id='word_1_156' title='bbox 837 2426 975 2498; x_wconf 74' lang='lat' dir='ltr'><strong>quod</strong></span> <span class='ocrx_word' id='word_1_157' title='bbox 998 2425 1067 2494; x_wconf 70' lang='lat' dir='ltr'><strong>est</strong></span> <span class='ocrx_word' id='word_1_158' title='bbox 1092 2425 1157 2477; x_wconf 76' lang='lat' dir='ltr'><strong>(Ie</strong></span> <span class='ocrx_word' id='word_1_159' title='bbox 1182 2423 1332 2477; x_wconf 78' lang='lat' dir='ltr'><strong>rebus</strong></span> <span class='ocrx_word' id='word_1_160' title='bbox 1356 2423 1593 2477; x_wconf 74' lang='lat' dir='ltr'><strong>Arabum</strong></span> <span class='ocrx_word' id='word_1_161' title='bbox 1621 2432 1744 2476; x_wconf 78' lang='lat' dir='ltr'><strong>ante</strong></span> 
     </span>
     <span class='ocr_line' id='line_1_24' title="bbox 838 2520 1198 2590; baseline -0.006 -17"><span class='ocrx_word' id='word_1_162' title='bbox 838 2521 992 2589; x_wconf 70' lang='lat' dir='ltr'><strong>[stam</strong></span> <span class='ocrx_word' id='word_1_163' title='bbox 999 2520 1090 2590; x_wconf 59' lang='lat' dir='ltr'><strong>isin</strong></span> <span class='ocrx_word' id='word_1_164' title='bbox 1097 2540 1127 2572; x_wconf 78' lang='lat' dir='ltr'><strong>u</strong></span> <span class='ocrx_word' id='word_1_165' title='bbox 1134 2540 1178 2571; x_wconf 84' lang='lat' dir='ltr'><strong>m</strong></span> <span class='ocrx_word' id='word_1_166' title='bbox 1188 2562 1198 2572; x_wconf 87' lang='lat'><strong>.</strong></span> 
     </span>
    </p>
   </div>
   <div class='ocr_carea' id='block_1_6' title="bbox 186 2666 1880 3025">
    <p class='ocr_par' dir='ltr' id='par_1_6' title="bbox 186 2666 1880 3025">
     <span class='ocr_line' id='line_1_25' title="bbox 263 2666 1846 2736; baseline -0.005 -12"><span class='ocrx_word' id='word_1_167' title='bbox 263 2671 398 2726; x_wconf 68' lang='lat' dir='ltr'><strong>Quae</strong></span> <span class='ocrx_word' id='word_1_168' title='bbox 426 2673 458 2706; x_wconf 39' lang='grc' dir='ltr'>ἓ</span> <span class='ocrx_word' id='word_1_169' title='bbox 485 2672 550 2722; x_wconf 90' lang='lat' dir='ltr'><strong>ad</strong></span> <span class='ocrx_word' id='word_1_170' title='bbox 590 2671 756 2721; x_wconf 88' lang='lat' dir='ltr'><strong>tribus</strong></span> <span class='ocrx_word' id='word_1_171' title='bbox 783 2669 1024 2720; x_wconf 89' lang='lat' dir='ltr'><strong>Arabum</strong></span> <span class='ocrx_word' id='word_1_172' title='bbox 1061 2685 1353 2736; x_wconf 88' lang='lat' dir='ltr'><strong>eorumque</strong></span> <span class='ocrx_word' id='word_1_173' title='bbox 1385 2666 1651 2736; x_wconf 88' lang='lat' dir='ltr'><strong>prosapias</strong></span> <span class='ocrx_word' id='word_1_174' title='bbox 1683 2666 1846 2735; x_wconf 87' lang='lat' dir='ltr'><strong>perti-</strong></span> 
     </span>
     <span class='ocr_line' id='line_1_26' title="bbox 187 2761 1880 2832; baseline -0.005 -14"><span class='ocrx_word' id='word_1_175' title='bbox 187 2777 317 2818; x_wconf 88' lang='lat' dir='ltr'><strong>nent</strong></span> <span class='ocrx_word' id='word_1_176' title='bbox 344 2767 446 2817; x_wconf 91' lang='lat' dir='ltr'><strong>alio</strong></span> <span class='ocrx_word' id='word_1_177' title='bbox 474 2767 591 2817; x_wconf 91' lang='lat' dir='ltr'><strong>loco</strong></span> <span class='ocrx_word' id='word_1_178' title='bbox 617 2764 907 2816; x_wconf 89' lang='lat' dir='ltr'><strong>enarraturi</strong></span> <span class='ocrx_word' id='word_1_179' title='bbox 935 2762 1132 2823; x_wconf 86' lang='lat' dir='ltr'><strong>sum-us,</strong></span> <span class='ocrx_word' id='word_1_180' title='bbox 1162 2781 1329 2830; x_wconf 92' lang='lat' dir='ltr'><strong>quum</strong></span> <span class='ocrx_word' id='word_1_181' title='bbox 1356 2762 1421 2813; x_wconf 90' lang='lat' dir='ltr'><strong>ad</strong></span> <span class='ocrx_word' id='word_1_182' title='bbox 1451 2761 1690 2812; x_wconf 89' lang='lat' dir='ltr'><strong>Arabum</strong></span> <span class='ocrx_word' id='word_1_183' title='bbox 1718 2779 1848 2830; x_wconf 83' lang='lat' dir='ltr'><strong>gen-</strong></span> <span class='ocrx_word' id='word_1_184' title='bbox 1876 2806 1880 2832; x_wconf 52' lang='lat' dir='ltr'>i</span> 
     </span>
     <span class='ocr_line' id='line_1_27' title="bbox 187 2855 1845 2926; baseline -0.005 -13"><span class='ocrx_word' id='word_1_185' title='bbox 187 2871 295 2913; x_wconf 88' lang='lat' dir='ltr'><strong>tem</strong></span> <span class='ocrx_word' id='word_1_186' title='bbox 321 2863 610 2912; x_wconf 85' lang='lat' dir='ltr'><strong>deventum</strong></span> <span class='ocrx_word' id='word_1_187' title='bbox 634 2859 810 2920; x_wconf 88' lang='lat' dir='ltr'><strong>fuerit,</strong></span> <span class='ocrx_word' id='word_1_188' title='bbox 831 2859 884 2908; x_wconf 88' lang='lat' dir='ltr'><strong>in</strong></span> <span class='ocrx_word' id='word_1_189' title='bbox 909 2858 1081 2926; x_wconf 90' lang='lat' dir='ltr'><strong>capite</strong></span> <span class='ocrx_word' id='word_1_190' title='bbox 1104 2857 1312 2925; x_wconf 87' lang='lat' dir='ltr'><strong>quinto,</strong></span> <span class='ocrx_word' id='word_1_191' title='bbox 1335 2857 1444 2917; x_wconf 91' lang='lat' dir='ltr'><strong>ubi,</strong></span> <span class='ocrx_word' id='word_1_192' title='bbox 1466 2855 1586 2906; x_wconf 90' lang='lat' dir='ltr'><strong>Deo</strong></span> <span class='ocrx_word' id='word_1_193' title='bbox 1601 2856 1845 2921; x_wconf 85' lang='lat' dir='ltr'><strong>juvante,</strong></span> 
     </span>
     <span class='ocr_line' id='line_1_28' title="bbox 186 2951 1402 3025; baseline -0.006 -17"><span class='ocrx_word' id='word_1_194' title='bbox 186 2958 446 3008; x_wconf 81' lang='lat' dir='ltr'><strong>variarum</strong></span> <span class='ocrx_word' id='word_1_195' title='bbox 476 2956 719 3025; x_wconf 86' lang='lat' dir='ltr'><strong>gentium</strong></span> <span class='ocrx_word' id='word_1_196' title='bbox 748 2953 983 3004; x_wconf 86' lang='lat' dir='ltr'><strong>historias</strong></span> <span class='ocrx_word' id='word_1_197' title='bbox 1010 2951 1402 3020; x_wconf 82' lang='lat' dir='ltr'><strong>persequemur.</strong></span> 
     </span>
    </p>
   </div>
   <div class='ocr_carea' id='block_1_7' title="bbox 262 3045 1848 3167">
    <p class='ocr_par' dir='ltr' id='par_1_7' title="bbox 262 3045 1848 3167">
     <span class='ocr_line' id='line_1_29' title="bbox 262 3045 1848 3115; baseline -0.005 -12"><span class='ocrx_word' id='word_1_198' title='bbox 262 3051 341 3103; x_wconf 85' lang='lat' dir='ltr'><strong>Ex</strong></span> <span class='ocrx_word' id='word_1_199' title='bbox 387 3052 522 3102; x_wconf 91' lang='lat' dir='ltr'><strong>libro</strong></span> <span class='ocrx_word' id='word_1_200' title='bbox 567 3050 686 3101; x_wconf 86' lang='lat' dir='ltr'><strong>Ebn</strong></span> <span class='ocrx_word' id='word_1_201' title='bbox 736 3048 875 3099; x_wconf 84' lang='lat' dir='ltr'><strong>Saidi</strong></span> <span class='ocrx_word' id='word_1_202' title='bbox 916 3047 1156 3098; x_wconf 88' lang='lat' dir='ltr'><strong>Africani</strong></span> <span class='ocrx_word' id='word_1_203' title='bbox 1204 3045 1468 3108; x_wconf 89' lang='lat' dir='ltr'><strong>discimus,</strong></span> <span class='ocrx_word' id='word_1_204' title='bbox 1512 3046 1746 3115; x_wconf 87' lang='lat' dir='ltr'><strong>primum</strong></span> <span class='ocrx_word' id='word_1_205' title='bbox 1791 3045 1848 3095; x_wconf 91' lang='lat' dir='ltr'><strong>in</strong></span> 
     </span>
     <span class='ocr_line' id='line_1_30' title="bbox 983 3122 1052 3167; baseline 0.014 -1"><span class='ocrx_word' id='word_1_206' title='bbox 983 3134 1004 3167; x_wconf 72' lang='lat'><strong>,3</strong></span> <span class='ocrx_word' id='word_1_207' title='bbox 1030 3122 1052 3157; x_wconf 87' lang='lat' dir='ltr'>S</span> 
     </span>
    </p>
   </div>
   <div class='ocr_carea' id='block_1_8' title="bbox 1962 322 2068 373">
    <p class='ocr_par' dir='ltr' id='par_1_8' title="bbox 1962 322 2068 373">
     <span class='ocr_line' id='line_1_31' title="bbox 1962 322 2068 373; baseline 0.038 -4"><span class='ocrx_word' id='word_1_208' title='bbox 1962 322 2068 373; x_wconf 77' lang='lat'><strong>497</strong></span> 
     </span>
    </p>
   </div>
   <div class='ocr_carea' id='block_1_9' title="bbox 1886 424 2163 430">
    <p class='ocr_par' dir='ltr' id='par_1_9' title="bbox 1886 424 2163 430">
     <span class='ocr_line' id='line_1_32' title="bbox 1886 424 2163 430; baseline 0 0"><span class='ocrx_word' id='word_1_209' title='bbox 1886 424 2163 430; x_wconf 95' lang='lat' dir='ltr'><strong> </strong></span> 
     </span>
    </p>
   </div>
   <div class='ocr_carea' id='block_1_10' title="bbox 1889 2681 2164 2935">
    <p class='ocr_par' dir='ltr' id='par_1_10' title="bbox 1889 2681 2164 2935">
     <span class='ocr_line' id='line_1_33' title="bbox 1920 2681 2132 2720; baseline -0.014 1"><span class='ocrx_word' id='word_1_210' title='bbox 1920 2687 1938 2705; x_wconf 65' lang='lat'><strong>*⁸</strong></span> <span class='ocrx_word' id='word_1_211' title='bbox 1962 2683 2061 2720; x_wconf 74' lang='lat' dir='ltr'><strong>Quae</strong></span> <span class='ocrx_word' id='word_1_212' title='bbox 2081 2681 2132 2719; x_wconf 90' lang='lat' dir='ltr'><strong>se-</strong></span> 
     </span>
     <span class='ocr_line' id='line_1_34' title="bbox 1890 2737 2163 2786; baseline -0.004 -13"><span class='ocrx_word' id='word_1_213' title='bbox 1890 2737 2163 2786; x_wconf 85' lang='lat' dir='ltr'><strong>quuntur‚ipfi-</strong></span> 
     </span>
     <span class='ocr_line' id='line_1_35' title="bbox 1889 2789 2152 2827; baseline 0 -1"><span class='ocrx_word' id='word_1_214' title='bbox 1889 2804 1932 2826; x_wconf 86' lang='lat' dir='ltr'><strong>us</strong></span> <span class='ocrx_word' id='word_1_215' title='bbox 1952 2789 2152 2827; x_wconf 84' lang='lat' dir='ltr'><strong>Abulfedae</strong></span> 
     </span>
     <span class='ocr_line' id='line_1_36' title="bbox 1893 2845 2164 2893; baseline 0 -13"><span class='ocrx_word' id='word_1_216' title='bbox 1893 2845 2164 2893; x_wconf 85' lang='lat' dir='ltr'><strong>manuscripta,</strong></span> 
     </span>
     <span class='ocr_line' id='line_1_37' title="bbox 1890 2898 2124 2935; baseline 0 -1"><span class='ocrx_word' id='word_1_217' title='bbox 1890 2899 2008 2935; x_wconf 79' lang='lat' dir='ltr'><strong>codex</strong></span> <span class='ocrx_word' id='word_1_218' title='bbox 2032 2898 2124 2934; x_wconf 87' lang='lat' dir='ltr'><strong>San·</strong></span> 
     </span>
    </p>
   </div>
   <div class='ocr_carea' id='block_1_11' title="bbox 1890 2953 2135 3042">
    <p class='ocr_par' dir='ltr' id='par_1_11' title="bbox 1890 2953 2135 3042">
     <span class='ocr_line' id='line_1_38' title="bbox 1890 2953 2135 3000; baseline -0.004 -12"><span class='ocrx_word' id='word_1_219' title='bbox 1890 2953 2135 3000; x_wconf 81' lang='lat' dir='ltr'><strong>germanensis</strong></span> 
     </span>
     <span class='ocr_line' id='line_1_39' title="bbox 1890 3005 2052 3042; baseline -0.006 0"><span class='ocrx_word' id='word_1_220' title='bbox 1890 3005 2052 3042; x_wconf 80' lang='lat' dir='ltr'><strong>exhibet.</strong></span> 
     </span>
    </p>
   </div>
  </div>
 </body>
</html>
