2498 3575
684 281 795 322 EX
855 281 1396 323 ABULFEDA.

213 452 514 504 societatem
529 455 844 523 junxerunt,
868 463 920 504 et
940 455 1078 522 apud
1102 472 1190 505 cos
1213 473 1432 504 uxorem
1454 454 1542 504 fibi
1564 453 1866 522 absumpsit,

211 556 369 615 atque
402 566 467 598 cx
502 548 716 616 posteris
749 546 982 598 Ismaelis
1015 557 1190 599 ortum
1220 549 1519 599 habuerunt
1547 549 1747 599 Arabes
1777 547 1867 598 In-

212 642 369 692 fititii.
450 642 666 693 Familia
710 643 852 693 enim
896 642 1146 703 Ismaelis,
1185 652 1238 693 et
1279 645 1388 712 ejus
1425 644 1603 712 lingua
1644 642 1869 693 Hebra’a

211 746 340 798 erat,
375 746 426 787 et
467 738 582 789 haec
615 739 688 788 est
721 737 871 789 causa
912 757 1005 788 cur
1043 748 1158 788 tum
1200 738 1323 807 ipse,
1361 749 1475 789 tum
1517 740 1704 806 posteri
1739 739 1868 808 ejus,

209 830 447 883 Arabum
475 831 819 901 Insttitioram
847 852 1045 885 nomen
1074 833 1239 884 sortiti
1267 834 1403 884 sunt.
1478 833 1681 903 Regum
1712 833 1869 903 Djor-

210 928 530 978 hamitarum
573 929 775 979 mentio
805 929 919 998 jam
954 928 1091 979 fac‘ta
1118 929 1189 979 est
1223 947 1252 978 a
1289 929 1440 978 nobis
1467 929 1603 978 inter
1630 928 1868 978 Arabum

211 1040 377 1094 reges,
406 1024 461 1074 in
489 1033 677 1091 quarto
705 1024 860 1094 hujus
888 1024 1005 1074 libri
1034 1024 1222 1093 capite.

284 1118 370 1169 Ad
405 1118 609 1169 Arabas
647 1117 932 1188 Indigenas
965 1119 1234 1188 pertinent
1266 1118 1455 1186 posteri
1493 1118 1657 1169 Sabae.
1740 1118 1871 1168 Saba

211 1213 425 1282 quidem
470 1214 682 1282 proprio
725 1214 943 1264 nomine
983 1213 1400 1265 Abd-schemsus
1440 1214 1744 1273 vocabatur,
1787 1213 1871 1263 sed

211 1327 377 1378 quum
417 1309 597 1360 multis
636 1309 1062 1377 expeditionibus
1097 1309 1295 1360 bellicis
1335 1308 1601 1377 susceptis,
1637 1309 1871 1377 captivo-

212 1423 331 1455 rum
360 1423 615 1475 magnum
640 1423 852 1473 quoque
879 1404 1076 1456 fecisset
1100 1423 1401 1463 numerum,
1426 1402 1567 1455 Saba
1592 1404 1760 1455 dietus
1784 1405 1870 1454 est.

213 1500 420 1551 Patrem
454 1501 642 1551 habuit
678 1499 1052 1551 Yaschhabum
1081 1501 1250 1550 filium
1279 1500 1487 1558 Yarebi,
1519 1499 1752 1550 Kahtani
1780 1518 1872 1549 ne-

210 1604 412 1665 potem.
492 1595 670 1646 Plures
714 1596 849 1646 filios
892 1596 1078 1646 habuit
1123 1595 1274 1656 Saba,
1310 1613 1339 1645 e
1381 1613 1608 1663 quorum
1648 1613 1873 1645 numero

210 1691 359 1741 fuere
386 1690 697 1760 Himyarus,
725 1691 1012 1751 Cahlanus,
1041 1690 1259 1751 Amrus,
1287 1690 1570 1750 Ascharus,
1598 1699 1650 1740 et
1676 1689 1871 1740 Amila.

209 1785 413 1837 Omnes
450 1786 666 1837 familiae
703 1786 944 1836 Arabum
981 1785 1414 1846 Yemanenfium,
1446 1785 1694 1855 regesque
1728 1785 1872 1835 Tob-

209 1882 294 1932 bai
330 1881 473 1942 dieti,
511 1899 540 1932 e
573 1881 787 1949 posteris
824 1881 944 1932 sunt
979 1881 1161 1932 Sabae:
1212 1899 1398 1931 omnes
1432 1881 1639 1931 Tobbai
1679 1880 1873 1931 Yema-

211 1976 395 2028 nenses
431 1995 460 2027 e
494 1977 648 2045 stirpe
683 1976 803 2027 sunt
835 1976 1080 2045 Himyari
1123 1976 1216 2026 filii
1257 1975 1424 2035 Sabae,
1453 1976 1488 2025 fi
1516 1976 1815 2026 Amranum
1840 1979 1872 2010 *

210 2081 263 2122 et
289 2072 401 2141 ejus
429 2072 647 2123 fratrem
676 2071 1000 2122 Mozaikiam
1028 2071 1295 2139 exceperis
1319 2092 1328 2121 :
1367 2080 1588 2139 uterque
1614 2071 1756 2121 enim
1782 2071 1875 2121 filii

211 2167 358 2218 fuere
394 2166 599 2227 Ameri,
628 2167 721 2217 filii
763 2165 1034 2227 Harethae,
1063 2166 1157 2216 filii
1197 2165 1574 2226 Amrial—kaifi,
1603 2166 1695 2216 filii
1730 2166 1778 2216 T
1781 2166 1874 2216 ha-

212 2263 363 2322 lebae,
392 2262 484 2313 filii
512 2262 744 2322 Mazeni,
773 2262 866 2312 filii
893 2261 1048 2312 Azdi.
1128 2261 1309 2311 Azdus
1349 2270 1527 2311 autem
1568 2279 1596 2311 e
1630 2261 1748 2311 filiis
1775 2261 1874 2311 fuit

212 2357 435 2408 Cahlani
476 2357 569 2407 filii
611 2357 779 2407 Sabae.
856 2355 941 2407 De
981 2374 1041 2407 ea
1082 2374 1135 2406 re
1163 2342 1356 2406 tamen
1397 2356 1749 2406 controversia
1784 2357 1871 2406 cst.

212 2451 297 2503 De
321 2452 555 2503 Tobbais
582 2453 635 2502 in
665 2460 853 2520 quarto
876 2452 1046 2520 capite
1067 2452 1179 2520 jam
1203 2452 1381 2502 actum
1405 2452 1493 2511 est,
1519 2470 1681 2519 quum
1706 2453 1770 2501 dc
1794 2470 1872 2501 re-

209 2548 363 2618 gibus
404 2547 644 2597 Arabum
686 2547 847 2597 verba
885 2546 1207 2607 faceremus3
1258 2565 1376 2615 quae
1412 2547 1596 2596 iterare
1636 2546 1868 2614 superse-

213 2643 350 2694 debo
376 2664 386 2694 ι
416 2643 502 2693 hic
524 2652 702 2692 autem
732 2643 795 2692 de
819 2642 1059 2692 tribubus
1079 2642 1319 2692 Arabum
1344 2641 1753 2692 Yemanensmm
1779 2660 1872 2691 no-

212 2739 292 2789 bis
318 2739 584 2808 agendum
604 2738 694 2798 est,
717 2755 1007 2805 eorumque
1034 2737 1244 2787 familiis
1265 2756 1382 2805 quae
1412 2737 1600 2787 Sabam
1629 2746 1866 2787 autorem

215 2831 535 2903 agnoscunt;
567 2833 940 2900 ordiemurque
961 2851 991 2882 a
1014 2832 1130 2881 filiis
1157 2831 1400 2901 Himyari
1425 2832 1571 2882 Sabae
1600 2832 1715 2891 filii;
1747 2851 1868 2882 mox

213 2930 279 2980 ad
312 2929 447 2979 filios
479 2928 701 2979 Cahlani
730 2927 1145 2997 progrediemur,
1174 2926 1347 2994 sicque
1373 2945 1436 2978 ex
1471 2927 1669 2984 ordine,
1701 2928 1870 2977 donec
1925 2971 1934 2976 ,

1946 1694 1969 1716 ’χ’
1992 1692 2117 1728 Codex

1919 1745 2139 1794 Saugerma-

1919 1801 2033 1836 nentis
2055 1799 2145 1847 legit

1920 1856 2076 1895 Amrum,
2100 1853 2155 1888 sed

1919 1921 2108 1957 perperam
2128 1923 2139 1951 3

1920 1969 2028 2010 atque
2050 1975 2093 1996 ex
2111 1974 2171 1996 co-

1918 2015 1999 2050 dice
2019 2015 2119 2063 regio

1921 2069 1997 2118 615
2022 2068 2164 2117 reposui

1919 2125 1986 2158 Am
1990 2136 2029 2158 ra
2033 2136 2053 2157 n
2057 2136 2076 2157 u
2081 2136 2111 2157 m
2118 2151 2125 2158 .

1948 2178 1985 2212 P.
2007 2186 2099 2225 470.

1931 2905 1953 2946 †
1974 2900 2058 2936 Hoc
2077 2900 2187 2949 figni—

1915 2976 1999 3007 ficat
2027 2968 2077 3020 (ᾖ
2096 2972 2146 3008 se-

215 3023 706 3092 compleverimus†,
724 3021 841 3073 Deo
860 3030 1148 3082 annuente,
1166 3022 1430 3073 historiam
1452 3022 1679 3072 filiorum
1702 3022 1865 3072 Sabae.
1912 3024 2046 3092 quent}
2084 3044 2167 3097 &²-
