2498 3575
1199 319 1627 366 NOTAE.

308 3102 331 3124 a
350 3100 445 3150 Cap.
462 3101 515 3139 iii.

589 516 696 549 rem
724 513 847 548 cum
876 497 959 568 ipfi
1001 499 1195 568 (Yaiiko
1221 497 1437 567 scilicet)
1478 509 1531 550 et
1567 497 1765 569 septem
1801 497 1907 549 aliis
1934 497 1997 549 de
2025 497 2074 548 se
2100 495 2234 548 bene

589 592 782 644 meritis
810 593 1169 664 praestitifl'ent,
1211 613 1273 645 eo
1301 593 1511 645 tandem
1543 610 1654 645 rem
1688 591 1971 664 proceffiffe
2006 604 2064 643 ut
2099 591 2234 644 divi-

589 706 680 739 nus
708 707 734 739 a
762 689 1052 759 posteritate
1080 689 1180 741 illis
1207 688 1373 741 honos
1401 689 1733 750 tribueretur,
1762 701 1814 740 et
1838 707 1930 759 pro
1956 687 2106 739 idolis
2133 687 2235 739 sta-

589 797 692 837 tuae
726 786 779 837 in
815 786 1126 838 memoriam
1162 785 1391 856 ipsorum
1418 785 1600 836 effletae
1624 783 1955 836 haberentur.
2021 785 2100 835 Ita
2125 782 2236 836 fac-

591 892 702 932 tum
737 892 796 932 ut
825 882 879 931 Υ
871 882 1026 931 aiikus
1060 880 1170 941 iste,
1211 880 1437 951 quisquis
1469 879 1643 940 fuerit,
1683 881 1809 932 ficut
1845 880 1990 931 verbi
2024 892 2109 938 ὄις
2143 880 2240 930 aka

596 975 759 1046 (quod
784 974 1023 1046 impedire,
1063 986 1307 1036 avertere,
1347 974 1558 1027 cohibere
1590 975 1827 1045 denotat)
1869 975 2105 1028 futurum
2140 993 2239 1027 no-

592 1072 739 1124 minis
776 1071 898 1123 sono
935 1070 1112 1132 refert,
1153 1072 1222 1123 ita
1257 1072 1333 1123 rei
1359 1072 1572 1123 veritate
1599 1069 1761 1123 faetus
1789 1072 1848 1123 fit
1875 1072 1989 1124 talis
2016 1071 2103 1142 qui
2127 1084 2240 1145 ‘52³0

583 1181 728 1242 ,ἑὲ-ω
761 1193 821 1240 ὁ.
857 1181 980 1238 &un
1019 1168 1055 1219 i.
1084 1187 1132 1219 e.
1173 1167 1374 1219 homines
1406 1187 1439 1218 a
1475 1166 1584 1219 bono
1619 1165 1882 1239 impediret,
1923 1168 2010 1219 seu
2036 1180 2239 1220 averte-

592 1240 702 1316 ret:
731 1276 782 1315 at
808 1282 912 1314 non
939 1281 1081 1334 aeque
1110 1264 1164 1315 Y
1156 1264 1309 1334 agutlz
1337 1264 1558 1316 nominis
1586 1263 1663 1316 sui
1690 1265 1872 1316 sonum
1900 1283 1953 1316 re
1980 1262 2240 1335 exprimit,

591 1378 714 1410 cum
752 1371 899 1432 ζμ..
935 1378 964 1411 a
1000 1372 1121 1420 ρ-ις
1151 1360 1327 1430 gdtlza,
1368 1360 1506 1431 quod
1539 1360 1612 1412 est
1636 1358 1887 1420 auxiliari,
1926 1371 2054 1431 opem
2071 1359 2241 1431 firre,

592 1455 810 1507 dicatur.
878 1455 1036 1526 Qod
1079 1456 1115 1508 fi
1159 1456 1287 1507 adeo
1330 1456 1541 1527 antiqua
1584 1454 1793 1516 fuerint,
1839 1473 1899 1507 ac
1943 1454 2241 1527 perhibent,

593 1549 704 1602 haec
743 1550 897 1612 idola,
938 1568 1043 1603 non
1083 1551 1155 1603 est
1190 1565 1386 1603 temere
1421 1552 1484 1603 de
1517 1553 1740 1604 nominis
1777 1552 1970 1604 ratione
2010 1551 2242 1603 statuen-

594 1646 758 1707 dum;
799 1647 925 1707 imo,
967 1665 1062 1698 nec
1097 1648 1132 1698 s1
1167 1647 1377 1699 nomina
1403 1666 1523 1699 vera
1551 1646 1773 1699 Arabica
1807 1648 2008 1719 origine
2033 1646 2242 1710 fuerint,

595 1741 684 1793 nisi
710 1743 1058 1813 praeeuntibus
1086 1742 1312 1795 Arabum
1337 1743 1706 1815 grammatici8‚
1740 1760 1863 1796 cum
1888 1755 1966 1795 tot
1993 1743 2088 1795 fint
2114 1743 2244 1796 olim

597 1838 831 1909 imposita
855 1838 922 1890 ob
949 1838 1118 1891 causas
1135 1850 1391 1912 QQ,
1416 1852 1572 1914 &⁴5⁸ss
1598 1850 1793 1912 Lem
1835 1841 1870 1891 i.
1895 1859 1941 1891 e.
1971 1858 2080 1911 quae
2099 1839 2244 1892 Ara-

596 1933 729 1985 bibus
754 1933 860 1985 olim
885 1946 1029 1997 notae,
1057 1934 1186 1986 nobis
1209 1935 1405 2006 ignotae,
1436 1948 1493 1987 ut
1519 1936 1709 2008 regerit
1736 1933 2117 2006 Jallalo'ddinus
2140 1933 2244 2005 As?-

579 2028 798 2100 soyutius
821 2029 879 2081 iis
906 2031 995 2100 qui
1020 2031 1260 2082 omnium
1286 2032 1543 2083 rationem
1569 2031 1709 2083 reddi
1735 2031 2011 2103 postulant,
2034 2031 2245 2103 praeser-

598 2126 694 2175 tim
747 2143 869 2177 cum
920 2138 1060 2178 tanta
1101 2127 1295 2197 linguae
1343 2146 1454 2198 pars
1506 2128 1560 2178 in
1610 2127 1998 2179 desuetudinem
2047 2127 2244 2180 abierit.

598 2221 757 2291 Qod
794 2221 856 2273 ad
890 2222 1145 2293 originem
1177 2236 1353 2274 autem
1379 2223 1543 2275 cultus
1570 2222 1890 2275 fimula'chris
1918 2223 2154 2284 adhibiti,
2193 2225 2247 2275 in

598 2315 698 2367 hoc
735 2336 915 2369 omnes
953 2317 1060 2370 fere
1093 2318 1404 2390 conspirant,
1445 2319 1591 2370 illam
1617 2337 1645 2370 a
1671 2319 1928 2390 majorum
1956 2339 2078 2391 erga
2103 2320 2245 2372 viro·-

598 2432 716 2463 rum
742 2413 937 2465 meritis
964 2414 1244 2485 infignium
1269 2415 1580 2478 memoriam
1606 2427 1658 2466 et
1684 2413 1940 2467 honorem
1966 2434 2105 2476 cura,
2127 2415 2246 2487 pos-

601 2508 719 2558 teris
747 2527 851 2559 non
877 2508 1153 2570 intellecta,
1184 2509 1401 2570 fluxisse,
1430 2510 1705 2562 accedente
1732 2511 1927 2563 diaboli
1951 2511 2080 2572 astu,
2108 2529 2246 2572 cum,

599 2616 656 2653 ut
686 2603 917 2674 loquitur
948 2605 1183 2675 Georgius
1208 2604 1360 2657 Ebno’
1365 2604 1551 2666 lAmdz,
1588 2618 1735 2678 ι-ΕΜ
1773 2619 2016 2687 &bd-,15
2051 2619 2248 2693 ῩΕᾹΑΞ

600 2698 636 2748 i.
667 2716 713 2749 e.
755 2698 1112 2769 alloquerentur
1139 2719 1211 2751 eos
1245 2720 1268 2751 e
1286 2700 1473 2771 statuis
1504 2720 1623 2772 quas
1653 2701 1858 2753 colerent
1879 2700 2125 2764 daemom'a,
2166 2715 2248 2756 at-

602 2812 703 2864 que
725 2794 795 2845 ita
815 2794 879 2845 ad
900 2795 1104 2847 cultum
1120 2795 1212 2847 fibi
1231 2795 1572 2848 deferendum
1591 2797 1878 2868 adigerent.
1922 2799 2075 2869 Qa
2062 2817 2116 2850 1n
2131 2799 2249 2851 sen-
2294 2804 2296 2807 ’

603 2890 762 2940 tentia
788 2889 886 2941 illis
914 2908 1036 2941 cum
1056 2891 1165 2941 aliis
1187 2893 1465 2943 convenire
1489 2904 1632 2963 patet
1658 2911 1723 2944 ex
1749 2893 1804 2945 iis
1832 2911 1950 2964 quae
1976 2893 2248 2946 Nobiliffi-

600 3003 715 3036 mus
744 2997 796 3036 et
833 2986 1168 3037 Dodfiffimus
1207 2984 1448 3047 Seldenus,
1489 2987 1542 3038 in
1569 2987 1921 3058 Prolegomenis
1942 2987 2013 3039 ad
2032 2990 2248 3060 Syntag-
2294 2966 2297 2970 Δ

599 3099 678 3130 ma
702 3077 758 3130 de
782 3079 900 3131 Diis
926 3080 1061 3151 Syris
1079 3084 1133 3141 ἢκ,
1175 3080 1484 3134 observavit.
1538 3083 1665 3135 Non
1691 3084 1910 3136 minima
1935 3096 2112 3136 autem
2137 3103 2249 3156 pars

2433 1254 2436 1258 '
2439 1227 2443 1233 -
2443 1211 2446 1218 .
2443 1076 2451 1174 hwa<
2438 1016 2449 1070 g,—
2444 923 2449 1006 -..u
2421 373 2449 892 ,μὼωῴ<ᾲέὲωέ2ᾈὲικὴ
2438 334 2440 338 ⁷
