2498 3575
441 278 523 329 De
547 275 773 328 Arabum
798 274 1022 328 Moribus
1049 276 1149 348 post
1174 279 1562 333 Molzammedem.
1978 312 1995 345 1
2009 312 2039 363 9

181 475 364 528 deinde
411 477 473 528 ab
515 495 820 546 unaquaque
859 476 1041 527 harum
1084 476 1332 528 seetarum
1374 479 1560 548 speeies
1598 484 1818 545 diversae,

181 570 306 620 adeo
350 580 409 620 ut
456 570 614 639 usque
655 571 718 620 ad
763 570 1080 639 septuaginta
1118 582 1217 622 tres
1266 573 1416 623 scetus
1465 591 1815 630 numerentur.

181 661 340 716 Quod
385 662 449 712 ad
499 662 776 721 Matazalas
821 663 1022 724 attinet,
1064 663 1190 715 illud
1235 666 1296 716 de
1335 686 1436 736 quo
1476 667 1608 719 inter
1646 689 1728 721 eos
1767 672 1819 723 in
1869 694 2066 732 Motazalae

179 754 472 807 universum
511 756 767 817 convenit,
809 757 908 808 hoe
949 758 1036 819 est,
1077 761 1215 828 quod
1254 761 1500 813 attributa
1537 775 1720 815 aeterna
1758 768 1820 817 ab
1864 748 2135 798 quidslamfflt,

179 848 386 902 effentia
427 851 696 911 Creatoris‚
738 851 824 922 qui
862 852 1010 922 supra
1045 853 1222 905 omnia
1251 856 1488 916 excelsuS,
1530 872 1819 920 amoveant,

177 944 430 1014 fugientes
462 945 884 1017 [distinetionem]
917 947 1241 1016 personarum
1271 968 1427 1018 quam
1459 949 1818 1024 [constituunt]

179 1037 464 1109 Chrgsticmi;
508 1041 724 1110 suntque
765 1059 826 1092 ex
864 1040 959 1091 illis
996 1041 1082 1111 qui
1112 1041 1301 1102 dicant,
1338 1043 1517 1094 Deum
1545 1064 1632 1114 per
1662 1046 1819 1097 essen-

177 1133 305 1185 tiam
335 1135 476 1185 suam
508 1135 649 1194 scire,
691 1135 774 1186 sed
803 1154 907 1186 non
936 1155 1024 1205 per
1052 1134 1335 1195 seientiam,
1369 1148 1420 1188 et
1451 1139 1632 1189 eodem
1664 1142 1820 1191 modo

177 1243 446 1302 potentem
478 1232 590 1292 effe,
623 1243 676 1282 et
703 1231 893 1283 vivere:
932 1251 994 1282 ex
1023 1231 1117 1283 illis
1148 1231 1305 1283 etiam
1333 1233 1421 1303 qui
1444 1233 1624 1286 dieunt
1654 1234 1819 1305 ipsum

177 1325 300 1376 scire
334 1345 423 1396 per
451 1325 733 1385 scientiam,
775 1345 890 1395 quae
920 1325 1023 1396 ipsa
1050 1325 1257 1377 effentia
1286 1329 1392 1399 ejus
1418 1327 1505 1385 est,
1548 1340 1703 1399 atque
1734 1350 1818 1381 eo-

177 1420 296 1470 dem
326 1420 483 1470 modo
514 1430 783 1490 potentem
813 1419 908 1470 effe
939 1430 991 1471 et
1019 1419 1203 1472 vivere.
1272 1421 1430 1472 Primi
1470 1422 1540 1473 illi
1579 1424 1821 1476 attributa

175 1512 391 1564 omnino
438 1513 693 1586 rejiciunt,
734 1513 942 1564 secundi
988 1513 1235 1565 attributa
1284 1515 1504 1567 afferunt
1552 1537 1668 1587 quae
1724 1519 1822 1570 sint

174 1607 277 1677 ipsa
324 1606 566 1659 essentia:
627 1609 725 1659 hoe
780 1607 1095 1659 unanimiter
1149 1608 1397 1670 statuunt,
1448 1611 1662 1663 verbum
1718 1612 1819 1664 Dei

174 1712 406 1753 creatum
454 1701 550 1753 effe
599 1702 655 1752 in
700 1702 943 1775 subjeeto,
983 1701 1236 1772 literisque
1281 1715 1333 1755 et
1369 1724 1495 1756 voce
1536 1705 1817 1768 consistere,

173 1795 378 1867 ejusque
429 1797 685 1866 exemplar
732 1796 787 1847 in
834 1796 969 1848 libris
1007 1796 1252 1867 scriptura
1291 1798 1522 1869 exprimi.
1595 1801 1819 1871 Negatio

172 1901 349 1942 autem
388 1891 752 1942 attributorum
787 1891 1002 1942 omnino
1037 1892 1307 1962 desumpta
1337 1892 1408 1943 est
1436 1912 1465 1944 a
1493 1893 1817 1965 philosophis,

172 1984 274 2037 Dei
304 1985 565 2037 essentiam
595 2004 754 2049 unam
785 1984 883 2036 effe
910 1984 1036 2037 citra
1064 1986 1225 2036 ullam
1261 1985 1476 2037 omnino
1514 1987 1815 2059 multiplici-

170 2090 335 2132 tatem
358 2079 698 2131 afferentibus.
752 2079 799 2130 E
823 2078 1091 2130 Motazalis
1114 2090 1287 2130 autem
1320 2078 1513 2131 Alvned
1527 2080 1639 2132 Ebn
1658 2082 1818 2153 chyet

169 2173 370 2226 afferuit
399 2173 634 2249 Chrssum
673 2193 852 2244 corpus
890 2172 1088 2244 proprie
1117 2172 1315 2224 dietum
1346 2172 1576 2234 induiffe,
1619 2174 1816 2255 effeque

170 2287 291 2319 eum
319 2269 555 2320 Verbum
593 2280 844 2320 aeternum
884 2267 1223 2328 incarnatum,
1264 2267 1392 2318 sicut
1428 2267 1608 2319 dicunt
1646 2268 1813 2340 Chrg‘s-

167 2362 301 2414 tiani.
364 2363 443 2414 Ex
471 2362 648 2414 iisdem
678 2363 769 2434 (siz,
811 2361 1203 2431 cognominatus
1231 2359 1457 2421 Merddd,
1495 2381 1555 2413 eo
1582 2363 1815 2432 processit

166 2468 226 2509 ut
264 2456 494 2509 affereret
547 2457 714 2527 ipsum
754 2456 1045 2507 Alcorcmztm
1082 2465 1314 2506 creatum
1355 2455 1467 2515 effe,
1509 2467 1561 2506 et
1600 2456 1814 2525 potuiffe

167 2551 356 2603 Arabes
376 2551 567 2622 aliquid
587 2551 724 2621 quod
747 2550 997 2620 elegantia
1018 2559 1069 2600 et
1094 2548 1383 2619 eloquentia
1407 2569 1494 2620 par
1524 2547 1645 2601 effet
1666 2570 1810 2602 eorn-

165 2665 369 2716 ponere,
393 2646 483 2697 nisi
507 2644 748 2715 prohibiti
769 2643 928 2695 effent
950 2644 1003 2694 in
1032 2643 1082 2694 id
1103 2643 1340 2695 animum
1372 2643 1650 2696 intendere.
1697 2647 1809 2697 Mo-

165 2740 341 2791 tazalis
369 2739 606 2791 contrarii
628 2739 747 2790 sunt
767 2737 949 2809 Sestztii,
970 2737 1057 2808 qui
1076 2738 1308 2790 statuunt
1336 2738 1389 2789 in
1419 2739 1537 2790 Deo
1565 2739 1809 2791 attributa
1853 2763 1993 2801 Sesamii.

165 2844 356 2885 aeterna
394 2833 634 2891 scientiae,
676 2831 938 2903 potentiae,
974 2831 1111 2892 vitae,
1153 2844 1206 2884 et
1234 2831 1483 2904 ejusmodi
1513 2832 1624 2884 alia.
1695 2834 1807 2885 lmo

166 2928 385 2997 eousque
408 2925 749 2998 procefferunt
775 2945 955 2977 eorum
985 2925 1221 2976 nonnulli
1246 2925 1298 2976 in
1328 2926 1639 2977 adstruendis
1662 2927 1804 2977 attri-

164 3020 314 3081 huns,
350 3021 518 3092 qualia
546 3021 765 3080 auditus,
795 3020 942 3080 visuS,
985 3030 1038 3070 et
1067 3019 1284 3089 loquela,
1326 3029 1387 3070 ut
1417 3019 1803 3088 corporeitatem

911 3108 949 3146 D
981 3121 1002 3145 2
