2498 3575
595 475 1439 552 PRAEFATIO

702 684 817 739 AD
857 682 1336 739 LECTOREM.⁰

191 1101 398 1187 NON
427 1132 553 1185 alius
583 1132 646 1184 de
675 1131 965 1203 legentium
986 1132 1176 1184 affeetu
1199 1131 1361 1202 magis
1389 1129 1634 1182 sollicitus
1661 1140 1858 1182 temere

189 1239 394 1310 prodiit,
427 1258 586 1310 quam
617 1238 707 1309 qui
737 1239 787 1290 se
817 1239 1125 1310 praesentem
1156 1236 1318 1289 oculis
1348 1236 1450 1289 tuis
1479 1235 1684 1307 ingerit,
1713 1234 1855 1287 liber.

189 1345 350 1416 quue
388 1343 575 1396 merito
594 1365 606 1405 ;
650 1356 836 1415 utpote
870 1344 963 1415 qui
1001 1363 1126 1396 cum
1165 1343 1277 1395 illos
1304 1341 1489 1413 quibus
1517 1342 1568 1393 se
1597 1340 1693 1394 viae
1721 1340 1858 1392 indi·-

189 1470 305 1502 cem
334 1450 620 1522 pollicetur,
644 1469 733 1521 per
753 1450 976 1509 Arabiae,
1006 1449 1180 1502 minus
1210 1447 1438 1509 Foelicis,
1463 1449 1577 1500 saxa
1605 1458 1657 1499 et
1686 1466 1861 1499 arenas

189 1555 565 1618 circumducat,
599 1575 780 1608 eorum
818 1556 1085 1627 expe&are
1124 1555 1275 1626 possit
1313 1555 1522 1615 sortem,
1561 1552 1748 1625 quibus
1789 1552 1861 1604 illi

189 1662 279 1734 qui
318 1682 498 1715 eorum
536 1682 690 1733 opera
730 1681 820 1733 per
860 1662 971 1714 loca
999 1681 1106 1714 non
1135 1671 1255 1713 ante
1284 1660 1406 1713 trita
1434 1671 1675 1721 utuntur,
1704 1659 1861 1712 senti-

190 1770 284 1821 bus
327 1779 380 1820 et
419 1768 515 1821 viae
551 1768 731 1839 asperis
764 1767 961 1828 offenfi,
993 1762 1169 1834 ὁδηγοῖς
1208 1767 1332 1819 licet
1369 1787 1476 1822 non
1516 1765 1703 1827 infidis,
1735 1785 1861 1818 con-

194 1874 318 1926 vitia
365 1875 673 1945 rependunt.
751 1874 956 1926 Verum
997 1893 1093 1945 ego
1131 1875 1388 1926 bonarum
1428 1872 1692 1925 mentium
1741 1892 1863 1925 can-

195 1982 315 2032 dore
338 1999 423 2031 me
446 1980 693 2040 consolor,
715 1979 863 2031 facile
894 1981 1096 2051 sperans
1125 1999 1209 2032 eos
1231 1979 1321 2051 qui
1345 1978 1642 2032 melioribus
1666 1977 1865 2032 detenti

195 2085 248 2137 in
294 2086 408 2137 haec
450 2085 617 2138 obiter
666 2096 877 2138 tantum
917 2087 1093 2140 oculos
1133 2085 1466 2160 conjecerint,
1507 2086 1715 2138 veniam
1759 2087 1867 2159 ejus

195 2213 298 2264 quo
329 2191 436 2244 aliis
467 2191 694 2263 prodesse
722 2192 1010 2244 studuerim
1037 2192 1218 2244 laboris
1248 2191 1592 2253 conceffur083
1633 2191 1743 2243 illos
1773 2211 1865 2242 au-

197 2309 324 2358 tem,
356 2299 540 2368 quibus
579 2300 692 2350 haec
730 2297 889 2350 etiam
924 2298 1089 2350 studia
1127 2298 1266 2350 cordi
1296 2299 1432 2358 sunt,
1463 2299 1656 2350 bonam
1685 2298 1866 2349 saltem

197 2405 520 2455 voluntatem
570 2404 845 2474 agnituros.
942 2403 1190 2475 Utrisque
1236 2404 1320 2477 (ut
1370 2404 1597 2475 aliquam
1646 2402 1867 2455 instituti

201 2509 303 2560 mei
334 2509 588 2560 rationem
620 2508 878 2580 reddam,)
909 2509 1117 2580 aliquod
1149 2529 1316 2580 operae
1347 2509 1574 2581 pretium
1606 2510 1867 2561 faeturum

203 2634 287 2666 me
316 2615 607 2675 arbitrabar,
636 2615 672 2665 si
715 2635 938 2685 quorum
977 2614 1208 2685 linguam
1247 2615 1465 2667 docendi
1500 2614 1627 2666 mihi
1658 2615 1866 2666 incum-

201 2721 352 2772 bebat
378 2740 586 2779 munUS,
612 2740 791 2772 eorum
826 2720 984 2772 etiam
1016 2740 1199 2781 mores,
1224 2741 1382 2791 quam
1413 2721 1660 2772 hactenus
1689 2720 1869 2772 nostris

202 2828 429 2886 fuerunt,
460 2825 683 2878 notiores
726 2826 982 2886 facerem;
1026 2838 1085 2878 ut
1124 2827 1160 2877 si
1199 2826 1252 2878 in
1295 2826 1352 2877 iis
1390 2826 1516 2878 nihil
1551 2826 1868 2878 imitandum

206 2932 511 2992 invenerint,
548 2950 616 2983 ‚ex
655 2931 766 3002 ipsis
811 2932 992 2983 saltem
1031 2931 1160 3002 quid
1206 2932 1514 3003 fugiendum
1553 2931 1616 2983 fit
1655 2931 1866 2983 discant.

206 3038 388 3093 Quem
439 3037 492 3088 in
539 3038 721 3097 finem,
767 3037 879 3088 haec
920 3057 948 3089 e
988 3037 1189 3092 diverfis
1228 3039 1363 3109 apud
1403 3038 1532 3108 ipsos
1571 3036 1871 3089 authoribus

1026 3122 1060 3172 b
