2498 3575
706 302 815 343 EX
874 302 1415 348 ABULFEDA.
2027 323 2128 375 547

232 468 339 521 lere
365 488 473 521 non
502 472 950 524 intermittebant:
990 473 1143 541 pubis
1171 483 1285 524 tum
1316 492 1501 533 mares,
1531 484 1644 526 tum
1674 476 1886 527 feminae

231 565 366 635 pilos
392 567 648 618 radebant
675 588 685 618 :
727 586 756 618 a
784 567 1004 629 furibuS,
1033 568 1267 620 exsecata
1296 587 1459 620 manu
1485 571 1685 629 dextra,
1708 589 1888 640 poenas

233 659 527 714 sumebant.

427 872 514 925 De
541 872 772 925 tribubus
798 871 1051 936 Arabum,
1081 882 1131 926 et
1157 874 1693 944 minoribusfiammis.

307 1042 511 1094 Arabas
539 1044 593 1094 in
622 1053 726 1094 tres
753 1043 931 1095 classes
961 1045 1318 1095 discreverunt
1345 1045 1570 1096 historiae
1598 1043 1889 1112 scriptoreS,

235 1137 429 1199 Raida,
457 1138 488 1188 i.
511 1156 556 1190 e.
589 1138 866 1190 Extindtos
890 1161 900 1199 ;
930 1138 1115 1200 Ariba,
1143 1139 1229 1191 seu
1258 1139 1542 1210 Indigenas
1567 1162 1578 1201 ;
1616 1150 1669 1191 et
1693 1139 1890 1209 Mosta·

234 1231 368 1295 riba,
406 1233 493 1285 seu
535 1232 804 1285 Infititios.
885 1235 1088 1286 Arabes
1129 1234 1383 1296 Extinffi,
1425 1236 1622 1303 priores
1662 1234 1783 1286 sunt
1820 1236 1892 1286 illi

233 1328 456 1389 ArabeS‚
484 1348 712 1398 quorum
755 1347 834 1381 res
874 1331 1030 1401 gestae
1065 1331 1132 1381 ad
1168 1347 1264 1381 nos
1300 1348 1408 1380 non
1441 1341 1796 1399 pervenerunt
1823 1332 1891 1381 ob

233 1424 498 1476 summam
536 1425 768 1494 ipsorum
810 1426 1216 1494 antiquitatem:
1257 1426 1323 1477 ad
1356 1426 1501 1476 hunc
1534 1426 1774 1476 ordinem
1811 1444 1891 1477 re-

233 1520 480 1572 feruntur
528 1521 725 1580 Aditae,
770 1520 1130 1581 Thamuditae,
1176 1529 1231 1572 et
1274 1518 1626 1591 Djorhamitae
1676 1522 1890 1589 priores.

235 1615 311 1667 Hi
352 1631 548 1686 nempe
590 1616 766 1667 ultimi
803 1615 1084 1667 Aditarum
1128 1616 1293 1667 coaevi
1334 1616 1570 1677 fuerunt,
1606 1625 1766 1685 atque
1804 1634 1894 1667 ex-

236 1711 388 1763 tineci
415 1711 556 1773 sunt,
579 1729 863 1780 rerumque
888 1712 954 1762 ab
980 1712 1055 1762 eis
1080 1711 1341 1782 gestarum
1368 1711 1564 1762 abolita
1588 1711 1660 1762 est
1687 1729 1891 1762 memo-

235 1807 326 1858 ria.
407 1804 568 1862 Quod
609 1808 674 1858 ad
716 1806 1078 1877 Djorhamitas
1115 1807 1423 1876 posteriores
1463 1807 1670 1865 attinet,
1707 1824 1736 1856 e
1774 1807 1892 1858 filiis

233 1902 356 1954 sunt
399 1901 669 1954 Kahtani:
718 1902 895 1971 eisque
936 1901 1151 1953 adhaefit
1195 1900 1383 1952 Ismael
1423 1901 1561 1952 filius
1600 1902 1891 1953 Abrahami

233 1998 353 2050 Deo
380 1997 571 2049 dileffi.
650 1996 737 2048 De
765 1997 1030 2048 Arabibus
1059 1996 1320 2048 Extinetis
1346 2015 1513 2066 pauca
1541 2005 1748 2048 tantum
1779 2015 1891 2049 me-
1961 2016 1999 2053 P.
2019 2015 2112 2063 468,

234 2094 417 2145 moriae
456 2093 665 2162 prodita
704 2094 768 2144 ad
810 2093 954 2143 hunc
993 2093 1156 2162 usque
1195 2093 1335 2143 diem
1374 2102 1744 2161 pervenerunt,
1772 2113 1889 2164 quae

233 2207 359 2240 mox
393 2188 572 2239 sumus
605 2188 912 2238 enarraturi.
992 2188 1194 2239 Arabes
1235 2187 1526 2258 Indigenas,
1557 2189 1613 2240 hi
1648 2189 1767 2241 sunt
1798 2192 1888 2259 qui

231 2285 296 2335 ad
324 2283 620 2334 Yemanam
648 2283 938 2351 pertinent,
968 2280 1218 2333 Kahtano
1253 2283 1478 2334 oriundi.
1556 2283 1759 2336 Arabes
1797 2283 1887 2336 In-

231 2379 372 2430 fititii
400 2378 650 2429 dicuntur
677 2376 909 2428 Ismaelis
936 2378 1141 2446 posteri.

230 2591 317 2643 De
343 2589 406 2642 iis
431 2608 550 2662 quoe
576 2587 984 2656 memorioeszmt
1001 2587 1220 2656 prodita
1251 2587 1324 2639 acl
1346 2587 1582 2640 Arabum
1611 2589 1884 2642 Εωίὶηέῖο-

672 2702 790 2736 rum
816 2682 1079 2752 historiam
1096 2682 1437 2753 pertinentia.

300 2855 504 2906 Arabes
548 2853 785 2906 Extinffi
830 2852 950 2904 sunt
993 2851 1242 2903 Tasmitae
1284 2862 1337 2904 et
1383 2851 1665 2923 Djadifitae.
1745 2855 1882 2907 Duae

224 2951 329 3002 illae
371 2951 538 3001 tribus
582 2958 786 3018 partem
833 2947 1122 3017 peninsulae
1169 2946 1410 2999 Arabum
1452 2949 1755 3001 incolebant
1797 2952 1879 3002 eui

225 3045 487 3096 Yemama
514 3061 713 3094 nomen
740 3044 828 3094 est.
880 3042 1040 3111 Apud
1069 3040 1327 3093 Tasmitas
1355 3043 1557 3112 regium
1586 3042 1685 3095 fuit
1711 3044 1880 3114 impe-

997 3136 1022 3170 4
1043 3124 1078 3159 A
1103 3135 1122 3159 2
