2498 3575
451 260 534 312 De
558 255 784 310 Arabum
809 254 1034 308 Moribus
1061 254 1162 326 pqst
1186 256 1575 309 Molzammedem.

187 460 268 512 tio.
338 461 547 532 Nempe
584 459 719 531 quia,
761 477 885 511 cum
923 468 1033 509 orta
1071 457 1223 508 fiierit
1261 476 1392 509 nova
1420 458 1585 528 aliqua
1619 461 1829 530 quaestio

188 554 358 624 legalis
394 555 457 606 de
495 554 637 606 licito
675 565 728 605 et
765 552 959 612 illicito,
1001 554 1064 603 ad
1094 551 1494 622 disquisitionem
1524 555 1826 624 confugien-

186 657 277 707 tes,
319 647 485 718 primo
515 648 805 699 Alcoranum
834 649 1040 707 adeunt,
1081 647 1170 697 ubi
1199 647 1234 697 fi
1265 658 1468 697 textum
1498 647 1719 717 aliquem
1750 650 1826 699 in-

185 739 433 801 venerint,
477 740 522 792 ei
551 742 841 801 adhaerent;
883 741 957 792 sin
994 741 1182 802 minus,
1224 742 1287 791 ad
1316 739 1570 810 Affinnff,
1612 743 1698 793 seu
1727 753 1826 793 tra-

186 832 436 886 ditionem
476 835 747 905 Prophetae
792 835 1117 905 confugiunt,
1158 836 1247 886 ubi
1287 835 1323 885 si
1373 835 1496 904 quid
1541 838 1827 887 occurrat*

188 927 349 999 [quod
401 929 618 980 dubium
668 929 927 1000 explicet],
970 929 1023 980 in
1072 930 1219 1000 ipfius
1265 928 1572 980 sententiam
1621 930 1826 981 descen-

185 1023 318 1073 dunt
336 1043 349 1082 ;
409 1023 482 1073 sm
539 1023 727 1083 minus,
785 1025 847 1074 ad
903 1043 982 1074 con
1003 1043 1056 1075 en
1078 1043 1153 1074 um
1192 1023 1425 1094 stciorum
1467 1023 1601 1094 [ejus]
1645 1022 1826 1074 confu-

183 1116 349 1186 giunt,
391 1117 636 1187 quoniam
678 1117 750 1168 illi
788 1116 1055 1170 orthodoxi
1095 1117 1365 1168 censentur
1411 1127 1473 1167 ut
1511 1116 1564 1168 in
1607 1135 1827 1168 errorem

183 1210 464 1281 conspirare
509 1211 800 1262 noluerint:
852 1211 920 1262 ibi
969 1229 1087 1281 ergo
1135 1211 1170 1262 si
1220 1211 1491 1263 inciderint
1539 1211 1592 1262 in
1639 1211 1829 1282 aliquid

182 1306 321 1375 quod
359 1306 515 1357 dubio
555 1306 643 1358 suo
679 1305 833 1357 affine
865 1305 1034 1366 fuerit,
1076 1306 1138 1356 ad
1168 1308 1273 1378 ejus
1303 1325 1540 1357 normam
1571 1306 1634 1357 de
1663 1306 1826 1376 quaes-

183 1400 322 1452 tione
360 1400 446 1451 sua
494 1401 760 1461 statuunt;
801 1401 875 1451 sm
925 1399 1111 1461 minus,
1153 1402 1215 1451 ad
1272 1401 1495 1452 rationem
1539 1400 1656 1460 itur,
1699 1420 1826 1470 quo-

181 1494 322 1547 niam
361 1515 477 1566 quae
515 1496 629 1547 oriri
659 1507 712 1547 et
740 1495 965 1547 accidere
996 1496 1182 1566 poffint
1225 1493 1419 1565 [dubia]
1463 1494 1664 1545 infinita
1692 1494 1826 1555 sunt,

180 1589 512 1641 authoritates
561 1609 679 1642 vero
723 1589 900 1650 finitae,
949 1589 1020 1640 ita
1066 1601 1128 1640 ut
1177 1588 1312 1660 paria
1361 1608 1465 1640 non
1519 1588 1633 1639 fint.
1702 1588 1822 1656 Jam

179 1695 319 1736 certo
350 1685 546 1736 constat
574 1686 714 1755 quod
750 1683 872 1736 ratio
911 1683 1163 1735 neceffarii
1192 1684 1253 1734 fit
1286 1684 1420 1743 usus,
1451 1695 1513 1734 ut
1542 1683 1823 1734 secundum

180 1798 295 1830 eam
325 1781 388 1831 de
416 1799 726 1850 unaquaque
755 1778 1033 1850 quaestione
1063 1777 1209 1848 legali
1239 1777 1557 1848 disquiratur.
1623 1777 1703 1827 Ex
1731 1796 1821 1827 an-

179 1873 417 1925 tistitibus
446 1893 563 1926 vero
585 1872 767 1926 David
788 1872 1179 1946 Asphaham'etsss
1208 1870 1412 1923 rationis
1446 1870 1640 1942 [usum]
1674 1872 1820 1940 peni-

179 1978 260 2018 tus
300 1968 489 2040 rejecit,
531 1968 614 2019 cui
655 1988 682 2019 e
721 1980 898 2020 contra
937 1967 1054 2018 Abu
1094 1967 1285 2037 chng'fa
1323 1966 1608 2037 plurimum
1648 1966 1696 2017 se
1733 1967 1820 2016 ad-

178 2061 321 2123 dixit,
363 2064 487 2114 adeo
526 2073 587 2114 ut
626 2082 731 2114 non
770 2082 878 2113 raro
918 2061 1171 2113 rationem
1211 2059 1534 2111 manifestam
1565 2060 1645 2110 vel
1682 2059 1819 2110 testi—

178 2157 362 2208 moniis
383 2157 766 2228 particularibus
789 2156 1060 2227 praeferret.
1105 2155 1265 2207 Malec
1294 2166 1488 2215 autem,
1513 2153 1746 2224 Shase'ius,
1772 2165 1823 2204 et

176 2250 286 2302 Ebn
319 2250 533 2313 Hanbal,
575 2253 731 2303 modo
771 2261 1003 2303 occurrat
1041 2251 1120 2301 vel
1162 2248 1535 2308 testimonium,
1576 2248 1655 2298 vel
1692 2267 1819 2318 prae-

176 2357 406 2416 ceptum,
449 2347 513 2397 ad
558 2346 810 2397 rationem
858 2345 956 2396 five
1006 2343 1347 2403 manifestam,
1389 2343 1488 2394 slve
1536 2342 1818 2400 obscuram,

177 2440 395 2491 minime
426 2451 706 2492 recurrunt.
767 2440 890 2509 Jam
920 2458 1041 2490 cum
1073 2436 1205 2489 inter
1235 2438 1323 2488 hos
1352 2436 1450 2487 sint
1478 2435 1531 2486 in
1561 2434 1821 2486 sententiis

175 2534 390 2586 ferendis
430 2534 748 2595 differentiae,
792 2535 852 2584 de
893 2533 1076 2602 quibus
1116 2542 1291 2582 extant
1332 2531 1466 2600 apud
1502 2548 1584 2580 eos
1619 2528 1730 2579 libri
1769 2540 1820 2580 et

176 2628 556 2700 disputationes,
599 2649 703 2680 non
739 2639 916 2679 tamen
947 2626 1060 2677 ideo
1090 2625 1359 2696 quisquam
1391 2642 1570 2674 eorum
1600 2622 1815 2673 infideli-

176 2723 292 2775 tatis
342 2736 431 2776 aut
478 2725 650 2776 erroris
693 2743 805 2774 reus
847 2721 1178 2773 existimatur.
1249 2720 1308 2770 In
1349 2718 1568 2777 summa,
1612 2717 1816 2767 Funda-

177 2830 355 2870 menta
393 2819 546 2889 Legis
582 2817 844 2888 Issamiticae
884 2818 995 2867 haec
1037 2815 1185 2865 sunt:
1237 2832 1279 2864 1.
1320 2810 1604 2863 Munditiei
1645 2810 1696 2860 in
1729 2829 1814 2860 ex-

178 2912 352 2963 tremis
392 2912 609 2984 corporis
650 2911 888 2982 partibus,
931 2920 983 2961 et
1020 2908 1239 2960 vestium
1280 2907 1392 2966 oris,
1439 2907 1575 2975 quod
1626 2907 1814 2975 depen-

178 3006 331 3057 deant
360 3018 411 3058 et
441 3008 587 3058 rebus
617 3006 802 3076 spurcis
831 3014 1116 3064 occurrant,
1159 3022 1293 3054 cura.
1355 3020 1402 3055 2.
1446 3000 1657 3059 Orati03
1701 3018 1816 3068 quae

930 3095 962 3131 E
993 3106 1014 3130 2

1986 284 2053 338 27

1913 844 1937 868 ἕ·
1961 844 2104 881 Βίέῗιινη

1875 897 2013 947 aliquod
2028 898 2074 934 ab

1873 951 1935 1002 ipsb
1954 952 2110 991 relatum.

1864 2831 2095 2869 Hlmlamcuhz

1863 2886 2065 2923 Issamismi.
