2498 3575
687 297 798 338 EX
857 296 1400 340 ABULFEDA.

214 468 342 518 dum
371 479 615 539 regnaret
643 470 912 522 Firouzus.
972 470 1089 522 Post
1115 489 1239 522 eum
1269 470 1507 540 regnavit
1534 469 1689 538 ipsius
1717 468 1877 520 frater

216 562 531 627 Mendarus,
559 564 810 617 Mondari
838 566 994 626 filius,
1022 565 1260 616 Nomani
1297 564 1447 616 Lusci
1478 583 1659 633 nepos.
1733 563 1875 615 Huic

216 659 272 709 in
310 677 475 729 regno
515 659 751 711 succeffit
785 660 1017 712 Alkama
1050 659 1381 712 Dhamilita:
1423 661 1494 710 est
1520 670 1698 710 autem
1727 657 1876 711 Dha-

217 754 375 805 milus
402 753 804 806 Lakhmitarum
836 774 1028 807 ramus,

292 849 537 919 Regnum
570 851 761 902 deinde
795 853 1015 920 adeptus
1048 851 1119 902 est
1146 849 1572 910 Amrial-kaisus,
1600 849 1736 900 filius
1762 848 1877 900 No·

219 945 381 1005 mani,
410 945 788 1007 Amrial-kaisi,
822 945 1163 1014 Combzgstoris
1187 946 1332 1005 dieti,
1362 962 1545 1012 nepOS.
1612 943 1665 994 Is
1691 944 1764 994 est
1790 943 1879 1011 qui

219 1039 590 1091 Sinnamarxzm
646 1041 858 1102 occidit,
907 1043 996 1110 qui
1042 1041 1134 1110 ipfi
1184 1039 1562 1091 Amrial-kaiso
1612 1038 1878 1089 castellum

217 1136 554 1187 exstruxerat.
633 1135 719 1187 De
746 1155 810 1187 eo
837 1137 965 1187 dixit
994 1135 1431 1188 Motalammasus
1456 1155 1468 1186 ε

294 1238 635 1285 Rernuneravit
664 1256 740 1286 me
769 1239 1185 1287 Abou-Laklimus
1209 1239 1270 1286 ob
1295 1256 1390 1286 rem
1418 1255 1525 1302 quae
1556 1238 1677 1284 inter
1699 1253 1786 1283 nos
1810 1236 1880 1282 in-

367 1332 585 1390 terceffit,
612 1333 773 1379 eadem
803 1334 1017 1380 mercede
1042 1350 1135 1397 qua
1167 1341 1492 1378 remuneratus
1519 1330 1606 1377 fuit
1632 1331 1880 1376 Sinnama-

366 1443 461 1483 rus,
488 1426 662 1474 nullius
690 1428 854 1490 utique
878 1427 1029 1490 culpae
1056 1443 1161 1472 reus
1186 1443 1336 1489 quum
1363 1426 1491 1472 estet.

177 1577 181 1605 ἶ
218 1520 336 1572 Post
376 1522 520 1573 hunc
559 1523 800 1593 regnavit
842 1522 1134 1573 Mondarus
1161 1519 1519 1572 Amrial-kaifi
1548 1519 1705 1579 filius,
1733 1518 1881 1586 cujus

178 1612 180 1621 ’
218 1616 467 1668 Mondari
506 1628 676 1668 mater
710 1617 1071 1686 ΛῙα-αζχειηαα
1106 1617 1410 1667 dicebatur:
1454 1614 1673 1665 nomine
1701 1612 1881 1663 mati-is

217 1713 380 1783 vulgo
426 1712 718 1781 appellatus
769 1714 842 1764 est
892 1713 1206 1770 Mondarus,
1253 1709 1544 1778 dietusun
1587 1706 1883 1759 Bffondarus

201 1807 357 1876 filius
395 1806 789 1875 Mel-alsemaoe.
869 1807 1011 1858 Huic
1056 1806 1263 1857 mulieri
1306 1822 1502 1855 nomen
1546 1803 1672 1853 illud
1718 1800 1882 1871 [quod

220 1921 409 1974 aquam
438 1902 556 1953 coeli
581 1901 860 1972 fignificat]
888 1902 956 1953 ob
982 1901 1436 1970 pulchritudinem
1466 1899 1692 1949 inditum
1718 1918 1728 1947 z
1757 1914 1882 1952 ‚vero

222 1999 441 2049 nomine
491 1999 764 2048 dicebatur
814 1997 1015 2047 Mawia
1064 1996 1172 2047 filia
1220 1995 1368 2055 Aufi,
1410 1994 1503 2045 filii
1553 1991 1880 2062 Djoschami.

222 2093 550 2144 Mondarum
572 2111 738 2162 regno
767 2091 912 2143 Hirae
933 2092 1127 2160 dejecit
1148 2089 1367 2141 Cosroes
1389 2089 1569 2140 Cobad
1579 2105 1654 2148 us,
1675 2085 1882 2156 regem-

220 2206 326 2258 que
367 2188 421 2239 in
468 2189 579 2258 ejus
622 2188 800 2238 locum
844 2187 1113 2237 constituit
1152 2184 1453 2236 Harethum
1496 2183 1665 2233 filium
1707 2181 1881 2237 Amri,

222 2282 414 2354 Hodjri
462 2282 709 2334 Kenditae
757 2292 1025 2349 nepotem.
1111 2280 1357 2331 Cobadus
1405 2295 1599 2346 nempe
1641 2275 1883 2327 Mazdaei

223 2379 532 2449 religionem
569 2377 846 2446 amplexus
879 2386 1008 2435 erat,
1042 2375 1198 2443 eique
1232 2375 1288 2424 in
1327 2374 1426 2423 hae
1462 2389 1517 2422 re
1554 2368 1883 2422 consenserat

223 2474 514 2534 Harethus,
564 2492 673 2523 non
721 2472 847 2522 item
895 2471 1225 2522 Mondarus:
1284 2469 1353 2519 ob
1398 2485 1557 2536 quarn
1603 2465 1808 2517 causam
1855 2483 1883 2515 e

224 2570 353 2621 solio
380 2571 523 2620 hunc
552 2568 878 2619 Mondamm
911 2565 1225 2616 deturbavit.
1289 2563 1532 2633 Regnum
1562 2579 1685 2611 vero
1710 2561 1885 2628 postea

223 2667 446 2733 adeptus
488 2663 708 2714 Cosroes
755 2660 1246 2712 Anouschirwanus
1287 2657 1488 2709 Cobadi
1531 2657 1668 2707 filius
1716 2654 1884 2705 Hare-

183 2759 187 2798 Ι
225 2762 379 2813 thum
403 2759 623 2828 expulit,
649 2757 1083 2824 Mondarumque
1103 2755 1268 2806 filium
1296 2751 1658 2803 Ma-alsemaae
1685 2750 1740 2800 in
1767 2767 1884 2819 reg-

182 2803 188 2907 i
227 2873 357 2906 num
396 2853 544 2905 Hirae
583 2853 820 2903 restituit.
901 2849 1034 2901 Haec
1073 2849 1186 2917 jam
1230 2847 1464 2915 superius
1504 2865 1532 2896 a
1576 2845 1725 2894 nobis
1766 2844 1885 2893 sunt

183 2910 189 3034 Ι
226 2951 387 3001 relata
427 2949 566 2999 inter
605 2964 684 2997 res
725 2946 890 3016 gestas
923 2942 1371 2995 Anousehirwani
1413 2941 1469 2991 in
1513 2938 1738 2991 fiecunda
1785 2939 1883 2988 hu-

183 3040 190 3183 i
216 3045 366 3115 jusce
393 3042 510 3094 libri
539 3041 799 3092 Seefione.
1053 3111 1088 3148 U

1003 3122 1024 3160 3
