2498 3575
650 314 756 356 EX
816 314 1357 359 ABULFEDA.

250 485 366 538 Post
389 486 532 538 hunc
556 487 852 541 Yemanam
877 499 1253 560 recuperarunt
1280 491 1614 562 Himyaritae‚
1643 512 1832 565 regna·
1903 510 1942 547 Ρ.
1963 521 2055 559 429·

171 581 356 650 vitque
376 582 546 633 Seifus
569 582 953 654 Dhou-yazani
972 586 1109 636 filius
1133 584 1452 656 Himyarita,
1474 606 1633 656 quem
1654 607 1833 660 regem

169 678 443 728 constituit
469 678 689 730 Cosroes
715 680 1225 732 Anouschirwanus.
1306 681 1444 733 Cum
1483 683 1625 734 Seifo
1652 685 1832 754 supra-

170 771 313 822 dicto
341 773 478 824 mifit
501 773 720 826 Cosroes
746 794 916 827 unum
944 795 1010 828 ex
1037 777 1259 828 ducibus
1286 777 1576 840 Persarum,
1599 779 1832 831 Wahra-

168 883 291 917 zum
328 868 564 929 nomine,
602 871 725 920 dato
767 871 815 921 ei
854 889 919 922 ex
958 870 1117 922 Persis
1152 873 1403 923 exercitu.
1485 872 1557 923 Hi
1584 893 1750 943 quum
1779 876 1832 926 in

168 960 466 1014 Yemanam
495 965 594 1015 iter
620 964 875 1027 feciffent,
903 958 1128 1036 expulfis
1154 985 1218 1018 ex
1248 986 1310 1019 ea
1335 968 1624 1038 Abyffinis‚
1653 988 1831 1041 regem

168 1056 326 1126 hujus
349 1059 579 1128 regionis
603 1062 990 1112 constituerunt
1013 1062 1214 1114 Seifum
1238 1062 1619 1133 Dhou-yazani
1642 1066 1830 1119 filium.

169 1151 278 1206 Qui
317 1171 441 1204 cum
485 1172 650 1225 regno
687 1157 948 1227 majorum
992 1157 1204 1209 suorum
1246 1160 1447 1228 potitus
1489 1160 1631 1222 effet,
1674 1162 1831 1230 pulsis
1905 1227 1913 1237 ,

167 1248 292 1298 inde
330 1249 621 1318 Abyffinis,
662 1251 995 1303 Gamdanam
1039 1255 1294 1305 conviviis
1331 1273 1392 1306 ac
1430 1258 1831 1326 compotatione

165 1343 555 1412 frequentabat.
656 1344 784 1398 Erat
832 1357 1011 1399 autem
1064 1348 1344 1402 Gamdana
1393 1352 1636 1413 castrum,
1688 1355 1830 1421 quod

167 1439 393 1508 majores
435 1440 558 1492 Seifi
597 1450 895 1494 tenuerant.
974 1443 1181 1496 Laudes
1221 1446 1333 1515 ejus
1371 1448 1692 1499 carminibus
1727 1448 1829 1500 suis

163 1534 500 1587 celebrarunt
525 1535 744 1588 Arabes,
791 1536 872 1589 Ex
897 1539 1090 1590 horum
1119 1541 1418 1592 carminum
1449 1561 1672 1593 numero
1699 1544 1827 1595 illud

163 1630 236 1681 est
262 1632 405 1699 quod
433 1632 564 1683 dixit
590 1631 807 1685 Ommia
833 1633 1130 1686 Aboulsalti
1164 1636 1320 1687 filius,
1398 1636 1828 1707 Peregrinatione

163 1725 286 1777 Seifi
321 1727 416 1778 filii
454 1725 834 1798 Dhou-yazani
873 1729 1148 1798 descripta,
1189 1731 1495 1801 itinerisque
1535 1735 1679 1802 quod
1717 1735 1824 1803 pri-

163 1839 314 1873 mum
348 1823 415 1873 ad
449 1821 729 1883 Caesarem,
769 1824 961 1875 deinde
996 1826 1063 1875 ad
1099 1824 1351 1877 Cosroem
1394 1827 1634 1889 instituit,
1671 1838 1733 1880 ut
1768 1830 1823 1881 in

162 1935 387 1987 regnum
429 1937 650 1969 avorum
692 1918 905 1970 suorum
943 1920 1315 1983 restitueretur,
1354 1923 1627 1974 mentione
1666 1924 1822 1987 facta,

161 2023 692 2082 commemoratoque
721 2013 844 2065 Seifi
879 2015 931 2064 in
966 2014 1263 2067 Yemanam
1289 2018 1521 2068 adventu
1547 2036 1670 2069 cum
1698 2019 1821 2070 Per-

160 2108 332 2159 sarum
370 2108 604 2160 exercitu
647 2109 732 2160 cui
764 2108 1066 2161 VVahrazus
1099 2120 1340 2182 praeerat,
1381 2111 1454 2164 ita
1492 2112 1822 2183 prosequitur

158 2213 333 2274 poeta.

234 2309 313 2356 Ad
346 2308 565 2355 homines
600 2325 710 2355 cave
744 2309 950 2366 accedas,
988 2309 1070 2356 nifi
1112 2326 1208 2374 quo
1248 2309 1391 2356 modo
1421 2309 1607 2357 acceffit
1643 2310 1817 2360 Dhou-

306 2403 469 2465 yazani
509 2401 648 2459 filius,
693 2402 884 2465 quando
927 2419 1053 2450 mare
1093 2403 1320 2467 ingressus
1361 2404 1442 2461 est,
1481 2404 1689 2452 hostibus
1730 2406 1818 2453 suis

306 2495 557 2558 perniciem
585 2503 638 2541 ut
662 2496 871 2542 strueret.

233 2592 509 2640 Heraclium
536 2593 723 2656 quidem
743 2593 872 2649 adiit,
893 2610 1003 2640 cum
1022 2596 1120 2656 jam
1148 2593 1301 2658 dilapfi
1328 2595 1473 2641 essent
1494 2594 1551 2641 ab
1571 2612 1628 2642 eo
1649 2612 1815 2646 omnes

305 2686 411 2733 socii
438 2685 530 2733 sui:
568 2685 642 2732 sed
668 2686 724 2732 ab
749 2702 806 2732 eo
830 2686 1051 2733 auxilium
1078 2704 1173 2733 non
1201 2687 1307 2734 tulit
1332 2688 1459 2751 quod
1484 2688 1742 2753 flagitabat.

229 2784 383 2831 Annis
416 2784 578 2830 decem
613 2783 773 2847 elapsis
803 2785 860 2830 ad
893 2784 1113 2831 Cosroem
1150 2785 1191 2831 se
1216 2786 1440 2855 contulit,
1466 2787 1580 2834 nihil
1607 2789 1809 2836 animam

303 2877 446 2934 suam,
473 2876 544 2923 vel
570 2877 753 2923 divitias
777 2894 975 2931 curans;

229 2971 401 3033 Sicque
426 2970 613 3017 tandem
640 2970 760 3016 filios
787 2972 1099 3033 ingenuorum
1125 2971 1331 3029 adduxit,
1357 2973 1529 3035 quibus
1562 2973 1653 3037 ipse
1687 2991 1807 3037 prae-

304 3072 418 3121 erat,
443 3065 521 3127 qui
548 3073 732 3110 montes
758 3063 1036 3110 videbantur
1059 3065 1150 3110 effe
1175 3073 1310 3112 terrae
1335 3066 1468 3113 dorso
1492 3066 1758 3115 infidenteS.
1844 3095 1845 3099 =

943 3150 963 3184 3
985 3138 1020 3174 T

1953 328 2054 380 505

2164 306 2167 322 1

2164 336 2167 412 i
