2498 3575
755 300 1171 344 NOTAE.

140 476 411 530 libidinem
465 479 674 543 effusus,
722 494 877 552 atque
924 481 1025 534 hoc
1067 484 1201 534 inter
1253 484 1510 554 praecipua
1562 482 1786 533 muneris

142 572 439 644 Prophetici
465 577 734 648 privilegia
766 577 966 638 habuit,
996 578 1325 629 statuendum
1349 579 1365 628 ?
1409 579 1652 629 Uxorum
1680 578 1787 646 ejus

142 670 351 721 nomina
389 672 656 724 recensent
695 674 964 734 Historici,
993 686 1148 744 atque
1177 675 1311 725 inter
1337 686 1546 725 caeteras
1575 671 1787 732 Zainab,

139 782 255 834 quae
273 765 405 835 prius
425 765 582 819 fuerit
610 767 758 820 Zaidi
785 768 895 820 Ebn
924 769 1141 829 Haretlz‚
1170 767 1515 820 Molzammedis
1539 770 1669 839 (non
1692 768 1787 819 do-

140 860 288 921 mini,
335 874 392 913 ut
438 863 618 915 volunt
660 865 935 916 doctiffimi
982 865 1253 916 Maronitae
1304 865 1355 916 in
1406 865 1584 915 libello
1632 883 1790 935 quem

140 956 488 1028 Geographiae
531 958 767 1033 Nubiergfi
803 962 1145 1032 appendicem
1191 960 1289 1012 effe
1337 961 1632 1021 voluerunt,
1675 959 1784 1028 sed)

140 1051 302 1105 servi:
344 1054 659 1107 vocabulum
698 1071 789 1134 ὲν,
823 1057 1004 1108 Maula
1030 1070 1169 1109 certe
1199 1071 1251 1108 et
1278 1055 1510 1108 dominum
1539 1055 1792 1127 fignificat

142 1160 194 1199 et
217 1148 425 1219 strvum
448 1177 463 1212 ;
506 1150 641 1203 Zaid
675 1166 852 1205 autem
898 1153 988 1204 iste
1034 1154 1204 1204 servus
1253 1151 1615 1212 Mohammedis,
1654 1152 1790 1203 dono

140 1244 232 1315 ipfi
275 1264 302 1296 a
350 1245 587 1315 Chadijalz
621 1249 768 1300 datus
812 1249 1131 1320 perhibetur,
1169 1250 1314 1319 cujus
1361 1262 1537 1300 tamen
1574 1266 1791 1298 uxorem

141 1359 264 1392 cum
290 1341 434 1393 suam
462 1342 559 1394 effe
599 1345 774 1405 vellet,
803 1364 905 1396 non
933 1364 991 1397 ea
1018 1345 1132 1397 usus
1161 1345 1233 1396 est
1258 1345 1526 1414 potestate,
1557 1362 1657 1414 qua
1683 1342 1789 1394 for-

139 1437 224 1488 san
262 1450 318 1489 ut
352 1437 508 1490 herus
544 1439 596 1491 in
634 1440 766 1493 servi
794 1441 928 1493 bona
960 1442 1046 1511 jus
1078 1441 1288 1511 aliquod
1315 1440 1586 1492 vendicare
1613 1438 1789 1509 postet,

147 1533 343 1604 (ipsum
369 1536 511 1587 enim
538 1535 776 1588 libertate
804 1537 1056 1588 donatum
1092 1537 1261 1588 filium
1298 1534 1673 1606 adoptaverat,)
1706 1534 1791 1586 sed

140 1629 463 1701 prophetica,
492 1651 593 1704 qua
619 1633 712 1685 fibi
737 1633 894 1685 licere
923 1634 1170 1704 quicquid
1194 1633 1378 1684 liberet
1414 1632 1600 1683 voluit.
1672 1631 1793 1682 Hoc

142 1739 319 1778 tamen
356 1726 553 1780 factum
592 1729 845 1799 ejusmodi
885 1742 993 1781 erat
1034 1743 1090 1780 ut
1122 1729 1185 1780 ab
1219 1748 1302 1789 eo,
1333 1727 1603 1778 *scandali
1629 1739 1791 1786 metu,
1857 1765 1868 1774 .

143 1920 328 1971 cordiis
365 1920 677 1982 ebullientis,
717 1922 949 1973 flammas
992 1923 1297 1992 extinguere
1341 1918 1603 1991 potuiffet,
1644 1917 1794 1969 facile
1843 1963 1852 1998 i

145 2016 342 2067 nodum
381 2017 549 2078 solvit,
588 2018 708 2069 ficto
751 2019 953 2070 coelitus
990 2019 1194 2077 nuntiO,
1236 2035 1339 2087 quo
1380 2034 1483 2065 non
1524 2014 1680 2065 modo
1720 2014 1795 2064 illi

145 2112 484 2182 significatum
511 2113 584 2164 est
611 2115 729 2165 Deo
758 2114 962 2185 placere
992 2127 1048 2165 ut
1078 2111 1272 2164 Zainab
1306 2131 1333 2162 a
1375 2109 1546 2171 Zaido,
1577 2109 1714 2161 hunc
1743 2111 1793 2160 in

146 2207 325 2268 finem,
355 2208 611 2259 dimiffam
637 2210 866 2270 duceret,
897 2210 981 2260 sed
1009 2222 1060 2260 et
1088 2207 1424 2279 reprehensus
1454 2205 1628 2266 fuerit,
1657 2205 1795 2276 quod

147 2317 252 2355 tam
291 2305 379 2355 diu
415 2305 480 2356 ab
520 2324 583 2356 eo
622 2306 763 2376 quod
801 2305 891 2356 fibi
926 2324 953 2355 a
994 2307 1112 2356 Deo
1154 2303 1452 2375 permissum
1492 2302 1659 2361 sciret,
1695 2320 1796 2371 prae

147 2399 391 2450 modestia
412 2402 437 2446 †
462 2412 513 2451 et
543 2401 830 2452 reverentia
858 2399 1153 2460 hominurn,
1183 2399 1231 2450 se
1260 2397 1608 2449 continuiffet.
1678 2398 1792 2448 Ne-

145 2513 246 2564 que
288 2495 354 2546 ita
396 2509 570 2547 tamen
606 2496 762 2566 turpis
799 2494 921 2547 facti
955 2496 1212 2547 maculam
1249 2495 1377 2545 adeo
1413 2494 1636 2544 abstersit
1671 2493 1794 2563 quin

147 2591 215 2642 ob
254 2591 381 2642 illud
420 2593 621 2662 peccati
660 2611 699 2648 a>
729 2591 988 2643 nonnullis
1023 2605 1281 2662 arguatur,
1319 2604 1370 2641 et
1407 2609 1542 2661 aegre
1579 2589 1695 2640 satis
1731 2589 1794 2639 ab

148 2687 254 2738 aliis
297 2686 618 2748 defendatur,
666 2701 723 2740 ut
770 2688 909 2758 apud
959 2687 1233 2738 authorem
1279 2686 1398 2737 libri
1442 2685 1796 2756 Alewakej,

149 2782 362 2854 ejusque
389 2783 730 2854 expofitorem
758 2783 928 2835 videre
955 2783 1044 2834 est.
1101 2783 1260 2834 Porro
1288 2782 1441 2833 multi
1468 2781 1583 2832 sunt
1612 2780 1793 2831 Histo-

149 2879 243 2929 rici
287 2878 340 2928 in
386 2878 590 2950 singulis
632 2898 749 2950 quae
787 2878 849 2930 ad
887 2875 1261 2929 Mobammedem
1301 2878 1583 2949 pertinent,
1625 2877 1793 2946 (puta,

150 2974 315 3043 equis,
352 2974 518 3035 afinis,
555 2975 731 3036 mulis,
769 2974 944 3035 servis,
983 2974 1153 3035 armis,
1189 2974 1432 3033 vestibus,
1477 2972 1792 3031 utenfilibus,

152 3068 280 3137 &C.)
312 3069 651 3132 recensendiS,
678 3088 811 3141 quae,
838 3081 897 3122 ut
930 3087 1034 3120 non
1069 3089 1242 3141 operae
1271 3070 1496 3140 pretium
1523 3067 1642 3127 visa,
1670 3086 1793 3136 pru-

921 3144 951 3180 B
974 3145 997 3180 b
1020 3156 1041 3180 2
1584 3152 1597 3155 “

1934 292 2034 363 187

1883 1558 2100 1609 AlJannab.

1840 1613 1956 1651 adan.
1974 1623 2010 1664 5.
2022 1612 2115 1662 Hej-

1839 2075 2058 2123 meritarum,

1845 2129 1893 2164 Al
1901 2125 2102 2165 Mawakef.

1859 2428 2043 2489 (5²:³33)
2066 2439 2089 2482 †

1863 2494 1957 2560 ἓως,
1994 2501 2116 2558 „am

1890 2578 1941 2642 ως
1972 2576 2116 2618 ὡς

1845 2713 1889 2749 Et
1906 2713 1999 2749 ιὶηῐὲς
2011 2711 2114 2748 homi-

1842 2780 1908 2810 nes,
1927 2781 2001 2803 cum
2021 2766 2115 2803 Deus

1841 2822 1948 2872 magis
1968 2821 2077 2857 timeri

1839 2875 1969 2914 debeat.
2011 2875 2096 2913 Alc.

2146 1515 2150 1562 Ι
