2498 3575
442 331 542 400 538
1251 327 1755 372 EXCERPTA

685 511 806 579 quia
832 508 1129 560 Khaledum
1158 506 1470 575 oppresserat
1503 503 1648 555 Hirae
1686 504 1741 553 in
1774 502 1879 570 ipsa
1903 500 2136 552 Nomani
2164 499 2280 550 sede
2305 519 2316 549 :

686 605 859 654 nullus
892 613 1069 653 autem
1101 602 1338 652 Arabum
1374 599 1610 650 Haretho
1644 596 1926 665 hospitium
1961 595 2193 663 praebere
2224 611 2318 643 vo·

686 698 782 748 luit
825 706 968 747 metu
1011 695 1260 747 Nomani.
1325 693 1546 762 Asylum
1593 691 1806 742 tandem
1852 689 2034 740 naetus
2072 688 2144 738 est
2181 687 2320 756 apud

687 792 975 843 Mabadum
1017 790 1184 840 filium
1228 788 1467 838 Zararae:
1515 785 1747 836 Mabado
1778 792 1954 834 autem
1989 782 2044 832 in
2077 782 2178 832 hoe
2213 798 2322 831 non

399 891 435 925 P·
457 889 546 935 460·
687 885 1026 936 affentiebant
1053 882 1370 933 contribules
1397 883 1506 949 ejus
1530 878 1851 936 Tamimitae,
1873 894 1991 944 quae
2017 876 2139 926 inde
2164 892 2322 925 even-

689 988 804 1029 tura
830 987 979 1028 erant
1005 977 1154 1026 veriti
1175 998 1185 1036 ;
1215 975 1557 1026 afi'entiebant
1584 982 1761 1023 tamen
1788 989 1852 1021 ex
1877 971 1950 1021 eis
1976 970 2209 1037 quidam,
2232 968 2325 1019 soli

691 1089 881 1140 nempe
907 1071 999 1121 filii
1026 1070 1239 1120 Mawiae
1265 1078 1318 1118 et
1343 1068 1434 1118 filii
1456 1065 1692 1117 Adremi.
1749 1064 1953 1115 Certior
1979 1062 2146 1114 faetus
2171 1061 2324 1112 Akh-

692 1166 857 1216 wasus
888 1164 1111 1214 Khaledi
1137 1163 1312 1223 frater,
1341 1161 1637 1212 Harethum
1667 1159 1946 1210 Morritam
1972 1157 2112 1225 apud
2137 1155 2325 1207 Maba-

692 1261 817 1310 dum
863 1258 979 1318 ess'e,
1017 1258 1080 1308 ad
1127 1275 1249 1307 eum
1291 1255 1552 1324 perrexit:
1607 1252 1958 1303 conflixerunt
1995 1251 2051 1301 in
2083 1250 2202 1301 loco
2237 1250 2327 1318 qui

693 1354 881 1403 dicitur
908 1351 1064 1403 Izzllis
1091 1348 1413 1402 Ralzrahani.
1471 1347 1771 1399 Temimitae
1798 1347 1853 1396 in
1879 1345 2058 1415 fugam
2086 1343 2326 1413 eonjmffi,

693 1446 1051 1513 Mabadusque
1090 1444 1226 1495 filius
1267 1442 1471 1493 Zararae
1511 1450 1730 1509 captus:
1772 1439 1932 1490 frater
1968 1439 2079 1508 ejus
2113 1437 2327 1489 Lakitus

693 1540 958 1610 profeAEtus
983 1540 1072 1599 est,
1099 1547 1159 1588 ut
1184 1555 1302 1588 eum
1343 1554 1373 1587 e
1405 1535 1627 1586 vinculis
1660 1534 1900 1584 liberaret
1924 1554 1935 1593 ;
1977 1532 2063 1582 sed
2089 1531 2218 1583 irriti
2243 1532 2327 1582 fu-

694 1644 847 1685 erunt
880 1634 991 1702 ejus
1028 1640 1266 1692 conatus,
1297 1628 1672 1696 tormentisque
1705 1627 1922 1679 affeetus
1948 1627 2019 1677 est
2051 1625 2327 1685 Mabadus,

694 1730 862 1779 donee
890 1735 1195 1777 moreretur.

768 1821 898 1873 Dies
944 1819 1099 1872 Vallis
1145 1816 1412 1887 Djabaloe‚
1455 1836 1520 1868 ex
1565 1817 1807 1868 maximis
1848 1815 1920 1866 est
1963 1814 2154 1884 pugnis
2195 1814 2333 1864 inter

694 1916 894 1966 Arabas
940 1914 1260 1965 commissis:
1310 1912 1471 1981 'hujus
1512 1912 1612 1961 diei
1655 1912 1769 1962 haec
1807 1911 1877 1960 est
1917 1909 2138 1959 historia.
2217 1907 2332 1958 Post

694 2027 928 2079 pugnam
963 2009 1028 2058 ad
1069 2007 1402 2058 Rarahanum
1436 2005 1778 2065 commissam,
1810 2004 2025 2054 Lakitus
2058 2003 2193 2053 filius
2230 2001 2331 2052 Za-

697 2122 842 2164 rarae,
864 2102 1168 2162 Temimita,
1189 2101 1441 2151 auxilium
1462 2100 1613 2168 petiit
1639 2118 1668 2149 a
1693 2097 2049 2166 Dhobyanitis
2072 2117 2084 2148 z
2125 2097 2215 2164 qui
2244 2102 2332 2164 pe-

701 2197 832 2248 tenti
857 2204 1174 2246 annuerunt.
1228 2193 1571 2263 Congregatis
1598 2193 1757 2261 igitur
1782 2209 1903 2242 cum
1930 2209 1993 2241 eo
2017 2190 2354 2251 Temimitis‚-

700 2300 888 2359 praeter
929 2290 1177 2348 Saadstas,
1220 2287 1508 2355 additisque
1556 2287 1714 2337 etiam
1764 2285 1882 2336 filiis
1931 2284 2107 2345 Asadi,
2150 2293 2334 2335 contra

700 2385 962 2436 Ameritas
980 2393 1032 2434 et
1054 2382 1259 2432 Abfitas
1285 2380 1572 2450 progressus
1593 2381 1665 2430 est
1685 2379 1916 2439 Lakitus,
1939 2379 2136 2429 caedem
2162 2378 2334 2429 fratris

701 2479 776 2529 sui
815 2477 1031 2528 Mabadi
1067 2476 1287 2526 ulturuS.
1365 2474 1619 2525 Ameritae
1656 2478 1779 2524 vero
1816 2482 1870 2523 et
1911 2471 2107 2523 Abfitae
2145 2489 2336 2541 pecora

703 2572 791 2622 sua
825 2572 878 2622 in
912 2571 1099 2622 vallem
1134 2568 1430 2638 Djabalam,
1458 2585 1575 2635 quae
1600 2567 1861 2635 profunda
1886 2567 1958 2616 est
1983 2575 2035 2617 et
2060 2566 2257 2627 sterilis,
2283 2574 2336 2617 et

704 2666 839 2716 inter
872 2665 998 2715 duas
1030 2681 1207 2732 aquas,
1243 2680 1360 2730 quae
1396 2660 1659 2711 Scharifus
1696 2669 1748 2710 et
1789 2659 2032 2710 Scharfus
2071 2660 2334 2721 dicuntur,

705 2759 812 2820 fita,
858 2759 1277 2808 introduxerunt.
1356 2755 1462 2805 Ubi
1502 2755 1568 2804 ad
1611 2771 1700 2804 eos
1744 2754 1949 2804 aeeeffit
1992 2753 2226 2814 Lakitus,
2271 2771 2336 2804 ex

704 2853 835 2903 valle
883 2851 1105 2920 Djabala
1152 2851 1469 2918 prodeuntes
1514 2848 1569 2897 in
1610 2865 1731 2898 eum
1774 2848 2032 2915 impetum
2078 2846 2334 2908 fecerunt,

706 2946 880 3015 copias
924 2946 1033 3014 ejus
1079 2943 1366 3013 fregerunt,
1411 2941 1686 3009 ipsumque
1727 2942 2062 3002 occiderunt3
2119 2940 2332 2992 fratrem

361 3035 385 3163 ξ’
706 3057 914 3108 quoque
948 3038 1101 3107 ipfius
1136 3035 1424 3106 Hadjibum
1465 3034 1669 3087 Zararae
1703 3035 1870 3086 filium
1908 3035 2173 3103 captivum
2201 3035 2333 3085 dux-

361 3109 2379 3199 ,Μ
