2498 3575
393 344 496 393 114

311 2180 554 2232 ωαξατηρῆμα-

314 2251 380 2277 τος.

1244 331 1656 377 NOTAE.

630 527 750 560 cum
778 507 1064 561 Christiano
1091 509 1358 581 indignum
1385 511 1463 572 fit,
1496 512 1614 582 jure
1641 513 1693 564 id
1719 512 1809 564 fiat
1834 531 1899 564 an
1925 512 2130 582 injuria,
2158 530 2263 565 non

630 604 814 656 melius
840 604 1182 674 judicabimus
1209 624 1365 675 quam
1391 606 1425 657 fi
1453 625 1528 668 ea,
1557 625 1781 677 quorum
1807 608 2016 659 nomine
2043 606 2262 660 idolola-

630 700 737 752 triae
772 700 844 751 rei
879 713 1205 771 peraguntur,
1242 701 1391 752 fimul
1423 702 1662 772 congesta
1686 702 1885 754 leoloris
1912 702 2074 754 oculis
2100 702 2262 772 subji-

629 796 844 847 ciamus.
911 796 986 846 Ea
1024 808 1179 866 prout
1214 795 1264 846 in
1294 795 1589 847 Saracenicis
1618 815 1645 847 a
1673 786 1920 867 Sylburgio
1956 797 2123 858 editis,
2151 799 2261 849 Eu-

628 890 796 961 thymii
830 890 1038 950 scilicet,
1067 892 1169 942 δῖε.
1216 891 1408 961 (neque
1448 892 1589 942 enim
1628 892 1847 943 aliorum
1891 891 2034 943 nobis
2085 891 2258 963 copia)

628 984 736 1037 haec
774 987 1022 1056 praecipue
1058 985 1191 1037 sunt.
1246 985 1408 1058 Χαξόιρ
1441 1005 1531 1056 pro
1564 986 1796 1057 Lucffero
1831 999 1882 1038 et
1917 987 2094 1038 Venere
2125 987 2262 1058 pofi—

627 1094 758 1141 tum,
799 1099 917 1151 pag.
947 1099 990 1132 1.
1033 1093 1083 1132 et
1109 1098 1223 1151 pag.
1256 1080 1343 1150 85.
1385 1081 1471 1132 ubi
1497 1081 1585 1152 qui
1610 1099 1638 1132 a
1664 1082 2009 1133 Saracenorum
2044 1081 2262 1153 dogma-

627 1176 760 1228 tibus
787 1176 848 1226 ad
875 1176 1032 1227 fidem
1060 1174 1403 1227 Christianam
1429 1176 1696 1228 conversus
1723 1175 1893 1237 fuerit,
1918 1174 2263 1228 anathemati-

628 1290 745 1323 zare
785 1271 1000 1322 docetur
1038 1289 1125 1322 eos
1152 1272 1239 1341 qui
1277 1272 1593 1323 matutinum
1619 1272 1748 1323 fidus
1775 1272 1873 1323 five
1902 1270 2035 1323 Luci
2055 1289 2187 1323 erum
2212 1284 2265 1324 et

632 1367 853 1417 Venerem
897 1366 1127 1427 adorant,
1170 1385 1328 1437 quam
1367 1365 1593 1418 Arabum
1629 1367 1803 1438 lingua
1844 1365 2006 1442 Χαιζόιξ
2047 1366 2258 1438 (inquit)

628 1462 915 1513 nominant.
982 1462 1128 1513 Idem
1166 1481 1287 1533 pag.
1323 1479 1414 1533 71.
1467 1461 1625 1533 KeCEap
1665 1462 1896 1522 effertur,
1936 1462 2027 1513 ubi
2065 1474 2117 1514 et
2153 1461 2263 1514 haec

629 1576 723 1628 pro
767 1557 988 1607 Venerem
1039 1557 1324 1609 colentium
1375 1558 1684 1628 precationis
1734 1556 1955 1609 formula
2005 1555 2224 1609 habetur
2245 1582 2261 1619 ς

626 1651 779 1704 Ἀλλὰ
803 1650 922 1703 ἀλλὰ
947 1650 1010 1702 ἐέι
1035 1650 1179 1722 κκζίιρ
1205 1651 1344 1704 ἀλλά.
1400 1653 1523 1723 Pag.
1554 1669 1636 1722 15.
1657 1650 1930 1711 adhaerere
1973 1670 2058 1704 eos
2099 1651 2265 1704 afferit

628 1745 686 1815 τῷ
712 1745 840 1816 λίθῳ
866 1745 923 1796 τὲ
944 1745 1168 1817 βραχθοὶν
1193 1745 1345 1818 lapidi
1365 1747 1668 1798 Brachtlzan.
1721 1747 1923 1798 Ibidem
1949 1746 2045 1798 effe
2071 1747 2169 1799 illis
2194 1749 2265 1799 ait

564 1885 572 1893 .
627 1842 673 1891 τὶ
708 1840 880 1906 Βωκχοῖ
912 1834 1115 1909 ὶσμακέχ
1151 1843 1390 1910 κοιλέμενον
1421 1837 1587 1894 ἐῖὃωλον
1607 1845 1662 1903 ³¹4,
1681 1841 2030 1911 simulachrum
2065 1841 2267 1895 Baccha

542 1927 569 1947 ⁰⁵
629 1936 897 1989 Ismakech
932 1936 1127 1998 dicfi‘um,
1155 1938 1291 2008 quod
1327 1937 1431 2008 ipse
1465 1935 1837 2008 (Molzammedes
1861 1937 2081 2008 scilicet)
2113 1960 2264 2012 ‘aa-goa·-

548 2089 579 2108 ὁ,
625 2030 793 2100 κύνημα.
834 2031 1206 2107 παρατηρήματος
1225 2034 1292 2101 †‚
1328 2030 1603 2083 Adoramen
1637 2030 1989 2103 observationis,
2021 2033 2264 2105 appellat,

478 2143 491 2162 0
537 2130 579 2163 τῖ’
626 2140 696 2187 et,
725 2140 782 2178 ut
808 2127 979 2178 miseri
1006 2127 1206 2179 barbari
1232 2127 1520 2188 adorarent,
1548 2129 1812 2198 praecepit.
1869 2128 2070 2179 Ibidem
2095 2128 2174 2179 m>
2199 2123 2267 2179 δύο

628 2215 672 2273 δὲ
697 2222 887 2291 ὀνόματα
912 2221 1142 2297 βάρζοιξοι,
1169 2221 1216 2273 rb
1242 2220 1466 2294 τζιτζωφοὶ
1491 2222 1568 2272 καὶ
1592 2224 1764 2297 pagg&
1792 2222 1840 2274 ἐκ.
1863 2221 1941 2273 τῶν
1965 2221 2267 2291 σεςοισμοίτων

625 2314 724 2368 esim
749 2316 876 2384 λέγει
902 2319 959 2368 τὲ
985 2317 1093 2370 θεὲ.
1121 2318 1155 2369 i.
1180 2336 1226 2369 e.
1249 2315 1347 2387 std
1366 2328 1413 2368 et
1437 2315 1524 2368 duo
1549 2315 1779 2368 vocabula
1803 2315 2016 2368 barbara
2045 2318 2265 2370 Tzitza-

628 2411 748 2483 pha,
788 2423 835 2463 et
861 2414 1066 2474 Marua,
1114 2414 1257 2484 (pag.
1287 2411 1378 2482 78.
1432 2411 1654 2484 Tzapha
1692 2423 1739 2464 et
1763 2413 1996 2483 Marua,)
2040 2432 2098 2464 ex
2122 2412 2180 2464 iis
2215 2412 2265 2464 in

627 2507 792 2578 quibus
818 2509 956 2560 Deus
994 2507 1166 2559 colitur
1191 2506 1273 2579 effi
1304 2506 1437 2559 dicit.
1492 2509 1616 2579 Pag.
1643 2507 1670 2559 8
1679 2524 1730 2577 5.
1771 2509 1825 2558 in
1867 2508 2039 2560 medio
2082 2507 2265 2560 domus

628 2603 933 2673 precationis
960 2604 1114 2654 Make
1143 2603 1315 2673 jacere
1342 2603 1410 2654 ait
1435 2602 1662 2673 lapidem
1687 2621 1937 2673 magnum
1966 2578 2263 2653 Veneris-“ef-

628 2696 804 2767 figiem
838 2697 890 2748 in
928 2698 976 2749 se
1012 2696 1332 2759 habentem;
1372 2696 1612 2749 honorari
1643 2709 1818 2749 autem
1843 2696 1998 2748 istum
2022 2697 2264 2768 lapidem,

630 2792 770 2861 quafi
787 2791 1096 2843 Abrahamus
1116 2792 1266 2863 super
1282 2811 1343 2844 eo
1361 2810 1482 2844 cum
1499 2793 1673 2862 Agare
1687 2792 1885 2852 coierit,
1903 2803 1990 2843 aut
2007 2792 2266 2844 camelum

632 2888 679 2938 ei
705 2887 991 2957 alligaverit
1017 2905 1139 2938 cum
1165 2887 1382 2955 Istzacum
1408 2886 1773 2944 sacrificaturus
1800 2899 1927 2937 erat.

705 2982 835 3033 Haec
858 2981 1110 3052 praecipue
1137 2981 1252 3033 sunt
1287 3000 1509 3052 quorum
1545 2982 1753 3033 nomine
1780 2978 2121 3031 Molzammedz}
2152 2979 2264 3032 sec·-

631 3088 819 3129 tatores
863 3076 1165 3128 idololatriae
1210 3078 1285 3128 rei
1324 3090 1654 3149 peraguntur.
1728 3075 1874 3146 Qid
1917 3093 2039 3127 vero
2081 3074 2145 3127 de
2184 3074 2264 3128 his
