2498 3575
626 313 736 354 EX
797 314 1338 356 ABULFEDA.

158 499 280 532 cum
324 482 569 534 Fazaritis
611 485 940 535 concilianda
975 503 1128 554 agere
1155 494 1446 552 coeperunt,
1476 502 1612 552 qum,
1641 503 1809 535 annu-

157 578 368 628 entibus
400 578 747 630 Fazaritarum
778 580 1122 648 principibu&
1152 579 1439 646 compolita
1466 580 1553 629 est.

233 671 448 722 Kaisum
489 691 664 742 regem
706 674 898 734 ferunt,
929 684 1056 724 tunc
1090 692 1211 725 cuin
1241 674 1436 725 Abfitae
1465 675 1528 724 ad
1559 673 1813 724 Fazaritas

155 767 471 817 accefl'erant
509 777 561 817 et
599 786 783 835 pacem
815 787 938 819 cum
974 769 1046 818 eis
1084 768 1509 837 composuerant,
1547 787 1653 818 non
1692 786 1810 818 cum

155 859 351 910 Abfitis
379 861 544 921 ivifl'e;
575 863 865 931 dicuntque
894 864 1061 923 illurn,
1091 863 1286 914 Abfitis
1316 863 1523 922 reliclis‚
1552 863 1815 931 poeniten-

156 955 283 1006 tiam
312 956 485 1025 egiss'e,
515 957 755 1027 religioni
793 958 1099 1009 Christianae
1141 975 1338 1008 nomen
1377 958 1586 1016 dedill'e,
1621 967 1673 1007 et
1712 967 1813 1007 ter-

157 1068 267 1101 ram
296 1052 585 1121 peragrass'e
613 1053 782 1102 donee
816 1053 870 1102 in
906 1052 1177 1103 Omanum
1208 1052 1429 1111 delatus,
1460 1051 1707 1102 monachi
1736 1052 1812 1101 vi-

156 1154 264 1196 tam
292 1164 386 1214 per
411 1146 623 1214 aliquod
648 1156 857 1215 teinpus
886 1148 957 1198 ibi
983 1148 1196 1197 viveret.
1239 1146 1444 1197 Volunt
1467 1146 1551 1196 alii
1577 1144 1812 1205 Kaisum,

154 1241 267 1308 post
294 1240 445 1291 suum
473 1242 538 1292 ab
567 1241 763 1292 Absstis
791 1241 1082 1302 diseess'um,
1111 1259 1329 1291 uxorem
1366 1241 1563 1291 (luxifl'e
1589 1258 1617 1290 e
1644 1241 1813 1308 poste-

156 1336 223 1386 ris
249 1335 437 1386 Namri
464 1336 557 1386 filii
587 1335 782 1396 Kaseti‚
811 1345 863 1387 et
899 1354 964 1386 ex
1002 1353 1062 1386 ea
1095 1336 1263 1386 filium
1306 1335 1575 1403 suscepifl'e
1614 1334 1815 1385 Fadha-

156 1431 260 1482 lam
291 1432 541 1482 nomine:
586 1432 729 1481 hunc
758 1431 1039 1482 Fadhalam
1068 1440 1246 1481 autem
1277 1431 1478 1481 tamdiu
1501 1430 1695 1490 vixisse,
1721 1431 1815 1480 do-

158 1544 255 1576 nec
291 1527 355 1576 ad
392 1526 707 1594 prophetam
743 1526 969 1586 aeceffit‚
997 1544 1026 1575 a
1062 1544 1168 1593 quo
1204 1527 1310 1576 dux
1349 1526 1500 1575 datus
1527 1525 1598 1574 est
1624 1525 1697 1574 eis
1725 1525 1815 1592 qui

156 1621 308 1671 fimul
348 1638 469 1670 cum
509 1639 572 1671 eo
612 1630 900 1671 venerant:
943 1629 1092 1670 erant
1131 1629 1308 1670 autem
1349 1637 1541 1670 novem
1571 1636 1813 1679 numero,

155 1725 225 1775 et,
254 1715 482 1766 Fadbala
509 1724 911 1773 connumerato,
941 1717 1124 1765 decem
1153 1715 1393 1765 omnino.

232 1811 464 1862 Fuerunt
491 1828 616 1860 vero
643 1810 781 1860 inter
807 1811 1046 1860 Arabum
1086 1810 1293 1879 regulos
1319 1810 1469 1878 plura
1495 1809 1675 1877 praelia
1704 1810 1813 1859 die-

157 1907 255 1957 bus
299 1905 611 1974 quibusdam
655 1905 796 1956 fama
838 1905 1136 1966 illustribus,
1176 1923 1402 1973 quorum
1442 1905 1684 1971 quaedam
1727 1904 1814 1954 hic

157 2000 560 2052 recensebimus.

232 2096 363 2148 Dies
398 2094 669 2147 Khazzari
693 2115 708 2144 .·
758 2095 862 2145 hoc
900 2095 984 2145 die
1022 2094 1279 2164 congreffi
1322 2093 1440 2144 sunt
1480 2094 1573 2144 filii
1614 2093 1812 2153 Rebiae,

158 2191 561 2243 Rebiat-alfaras
605 2190 749 2251 diffi,
794 2190 888 2241 filii
932 2188 1125 2240 Nezari
1165 2207 1287 2239 cum
1330 2188 1571 2238 tribubus
1617 2187 1812 2238 Yema-

157 2287 416 2338 nenfium.
463 2285 606 2336 Male
635 2303 743 2336 rem
771 2285 1036 2354 gess'erunt
1057 2282 1414 2334 Yemanenses
1437 2283 1667 2350 vicilique
1695 2283 1814 2333 sunt

156 2402 184 2434 a
227 2382 345 2433 filiis
392 2381 589 2441 Rebiae,
634 2380 726 2448 qui
769 2387 822 2429 et
862 2377 1274 2429 Yemanenfium
1319 2395 1567 2447 magnam
1613 2378 1811 2427 caedem

155 2478 412 2529 fecerunt.
481 2475 600 2526 Hoc
629 2475 712 2524 die
739 2473 905 2524 fertur
930 2474 1048 2523 filiis
1077 2472 1255 2523 Rebiae
1283 2471 1541 2539 praefuifl'e
1565 2472 1812 2522 Colaibus

155 2572 435 2641 Wayelus,
464 2571 528 2621 de
555 2588 661 2638 quo
689 2568 921 2637 superius
949 2568 1194 2618 diximus.
1251 2566 1338 2617 Est
1363 2577 1540 2617 autern
1570 2565 1810 2617 Khazza-

156 2686 274 2719 rum
304 2684 458 2717 mons
488 2666 624 2715 inter
650 2663 862 2714 Bassam
889 2671 942 2713 et
969 2662 1233 2712 Meccam.

231 2761 362 2814 Dies
393 2760 634 2829 filioram
692 2757 922 2827 l‘VaJselh
977 2757 1168 2824 quibus
1213 2764 1514 2825 pugnatum
1562 2756 1633 2806 est
1676 2756 1814 2805 inter

153 2857 476 2927 Taglebitas,
505 2871 732 2923 quorum
762 2854 868 2902 dux
896 2851 996 2902 fuit
1035 2851 1374 2901 Mohalhelus
1402 2850 1561 2901 frater
1587 2850 1809 2910 Colaibi,

1950 329 2050 381 535

155 2962 209 3004 et
256 2952 509 3010 Becrstas,
551 2950 741 3018 quibus
783 2954 1004 3016 praeerat
1049 2946 1230 2996 Morra
1274 2955 1420 3013 pater
1464 2944 1697 3014 Djaffafi,
1742 2945 1809 2995 ob
1881 2960 1919 2996 P.
1940 2960 2032 3010 458.

157 3047 385 3099 occisum
428 3045 724 3096 Colaibum.
806 3040 1015 3091 Horum
1058 3041 1260 3091 dierum
1304 3041 1504 3109 primus
1542 3039 1643 3090 fuit
1677 3039 1808 3091 Dies
