2498 3575
451 351 550 401 144

386 1833 577 1900 aste-³⁸
604 1845 628 1868 ἃ

458 1928 471 1953 ι
525 1906 655 1974 6²:⁹AE

388 1980 520 2018 Scilicet
543 1977 657 2015 Chal-

385 2035 455 2070 daei
475 2033 534 2069 vel
554 2032 657 2068 Grae-

385 2088 442 2132 ci5
464 2096 501 2124 at
521 2086 604 2123 Indi

386 2140 547 2192 quasdam
560 2138 660 2189 estel-

387 2195 428 2231 lis
433 2193 537 2240 fixis.
559 2194 661 2230 Hanc

387 2250 473 2285 inter
487 2261 537 2284 cos
560 2247 658 2295 dzff'e-

388 2303 529 2339 rentiam
533 2300 660 2350 statuit

388 2355 617 2393 Shahrestan.

387 2424 428 2446 ac
447 2409 634 2446 Arabibus

387 2477 460 2499 cum
474 2463 575 2500 Indis
585 2476 658 2498 con-

387 2517 513 2554 venire.

403 2583 572 2626 &Ml
599 2593 623 2635 †

391 2655 612 2715 00st
641 2657 659 2700 ἶ

1296 330 1721 374 NOTAE.

688 508 895 560 tualibus
939 508 1228 567 innitantur,
1260 505 1396 574 ficut
1440 505 1708 557 Orthodoxi
1743 506 2018 558 innituntur
2060 503 2315 557 hominibus

690 617 878 675 corpore
915 601 1140 674 praeditis
1157 627 1172 662 ;
1213 603 1315 653 viz.
1362 601 1501 671 quod
1543 601 1935 652 substantiarum
1978 600 2312 671 spiritualium

695 699 1021 771 [angelorum
1060 696 1267 766 scilicet]
1305 697 1584 748 ministerio
1622 714 1680 746 ea
1706 696 1924 767 praestari
1960 707 2163 766 putent,
2197 712 2312 765 quae

697 794 989 846 Orthodoxi
1014 811 1041 843 a
1068 791 1349 863 prophetis
1416 793 1555 842 Duas
1590 791 1759 842 statuit
1790 791 1928 842 idem
1959 788 2317 859 Shahrestam'us

697 908 874 940 eorum
913 888 1086 947 sectas,
1123 887 1313 937 scilicet
1351 899 1544 957 Ait-,415
1583 898 1791 957 ῳιςως
1833 883 2086 936 As’lzabo’l
2122 882 2314 954 lziyacel,

698 987 732 1036 i.
757 1004 803 1035 e.
837 981 1362 1050 Cultoressczcellorum,
1386 993 1436 1032 et
1465 959 1688 1053 (fuscam
1713 993 1919 1051 ψιςωὶ
1945 977 2316 1043 As’habo'lafh-

697 1080 825 1139 clzczs,
867 1080 900 1129 i.
930 1097 975 1129 e.
1020 1076 1236 1128 Cultores
1264 1076 1683 1144 sts'mtlaclzrorum,
1729 1075 1913 1145 quibus
1956 1075 2177 1144 utrisque
2218 1072 2318 1126 hoc

701 1174 772 1225 est
815 1191 1091 1224 commune
1134 1172 1433 1243 dogmatum
1475 1171 1682 1222 suorum
1731 1169 2146 1230 fundamentum,
2190 1187 2316 1240 opus

698 1269 883 1320 habere
919 1267 1154 1318 homines
1193 1266 1570 1326 mediatoribuS,
1608 1265 1694 1337 qui
1733 1266 1864 1317 inter
1898 1265 2023 1335 ipsos
2058 1277 2110 1316 et
2142 1266 2317 1317 Deum

701 1366 859 1416 medii
886 1363 1228 1423 intercedant3
1269 1361 1368 1413 hoc
1394 1360 1540 1432 fungi
1565 1362 1733 1413 officio
1759 1361 2056 1412 substantias
2083 1359 2318 1431 spiritua-

700 1461 773 1511 les
802 1478 971 1530 puraS,
993 1477 1107 1529 quae
1133 1458 1292 1509 oculis
1321 1457 1555 1526 subjeffi'tae
1581 1475 1683 1507 non
1705 1456 1843 1507 sunt:
1874 1454 1970 1506 effe
1989 1455 2170 1507 deinde
2197 1473 2320 1525 opus

702 1555 809 1605 aliis
837 1556 968 1605 inter
995 1572 1078 1604 eos
1107 1566 1158 1604 et
1184 1553 1475 1604 substantias
1511 1552 1621 1603 istas
1660 1551 1930 1602 invisibiles
1956 1549 2321 1618 mediatoribus
2392 1615 2394 1617 ‚
2468 1556 2473 1602 ⁴1

704 1649 808 1700 visu
860 1647 1277 1719 perceptibilibus
1302 1667 1313 1698 ε
1356 1648 1480 1698 tales
1530 1646 1603 1697 illi
1644 1645 1844 1706 Sacella,
1895 1643 1952 1696 hi
2003 1644 2321 1705 simulachra,

704 1745 793 1796 fibi
819 1745 1064 1795 statuunt.
1132 1743 1416 1794 Sacellorum
1450 1742 1671 1793 cultores
1692 1740 1875 1811 fizcella
1909 1753 2094 1792 vocant
2127 1740 2324 1811 septem

705 1845 737 1876 ἦ
767 1840 1084 1910 planetarum
1111 1857 1336 1908 corpora,
1366 1837 1461 1888 effe
1489 1836 1598 1888 haec
1626 1837 1981 1908 spiritualium,
2017 1836 2102 1888 seu
2127 1835 2322 1887 intelli-

706 1936 995 2005 gentiarum
1026 1933 1328 1994 habitacula,
1357 1952 1464 2003 quae
1489 1933 1671 1984 eodem
1697 1933 1813 1983 loco
1840 1932 1938 1983 illis
1966 1932 2060 1983 fint
2087 1950 2188 2002 quo
2213 1932 2325 1983 ani-

708 2030 885 2081 mabus
907 2030 1084 2081 nostris
1107 2047 1339 2099 corpora:
1370 2027 1570 2098 effeque
1597 2046 1654 2078 ea
1674 2046 1885 2098 corpora
1906 2027 2148 2088 viventia,
2169 2027 2326 2078 ratio-

707 2125 853 2185 nalia,
891 2126 953 2175 ab
987 2124 1334 2195 intelligentiis
1369 2124 1610 2175 animata.
1676 2123 2002 2174 Planetarum
2040 2123 2199 2193 igitur
2229 2121 2324 2173 do-

707 2239 817 2271 mos
845 2233 895 2271 et
922 2220 1221 2279 manfiones,
1257 2232 1416 2278 ortus,
1449 2218 1670 2278 occasus,
1702 2231 1728 2276 †
1752 2218 2156 2286 conjunefiones,
2177 2216 2329 2286 juxta

706 2315 888 2386 figuras
929 2314 1288 2365 convenientes
1334 2326 1385 2365 et
1430 2313 1762 2382 discrepantes
1807 2312 2084 2363 secundum
2123 2323 2325 2363 naturas

707 2428 887 2461 eorum
932 2410 1202 2479 dispositas,
1242 2408 1527 2468 observant,
1563 2408 1687 2468 dies,
1722 2409 1914 2468 noctes,
1952 2420 2003 2459 et
2043 2406 2192 2459 horas
2231 2407 2327 2458 illis

709 2505 959 2565 dividunt,
1001 2503 1209 2564 formas,
1250 2503 1434 2574 figuras
1481 2502 1590 2573 (seu
1631 2514 1652 2563 :t
1694 2501 1951 2573 personas)
1996 2515 2048 2554 et
2080 2503 2327 2573 ⁴regiones

707 2599 804 2649 illis
832 2599 1097 2670 affignant,
1125 2612 1277 2668 atque
1314 2598 1381 2648 ita
1412 2597 1588 2668 sigilla,
1624 2597 2015 2656 incantamenta,
2053 2607 2103 2647 et
2137 2595 2328 2647 oratio-

709 2712 796 2744 nes
823 2694 1118 2745 conficiunt.
1184 2693 1429 2763 Exempli
1462 2691 1651 2762 gratia:
1684 2692 1735 2741 Si
1760 2691 1841 2741 die
1869 2689 2090 2750 Saturni,
2119 2692 2210 2761 qui
2233 2691 2329 2742 Sa-

707 2800 848 2840 turno
891 2789 1201 2849 attribuitur,
1241 2787 1364 2839 hora
1404 2787 1584 2858 prima,
1627 2786 1791 2837 induti
1834 2786 1941 2855 ejus
1986 2786 2150 2857 figillo
2194 2786 2330 2857 quod

700 2883 850 2953 juxta
878 2884 1094 2954 figuram
1121 2897 1273 2953 atque
1306 2901 1511 2952 operam
1537 2880 1622 2952 ipfi
1648 2880 1905 2952 propriam
1931 2880 2226 2933 confedtum
2251 2881 2330 2941 fit,

703 2997 760 3029 ac
788 2978 1007 3030 vestibus
1034 2978 1122 3049 ipfi
1149 2977 1508 3048 peculiaribus,
1536 2976 1597 3027 ab
1623 2977 1730 3036 illo,
1759 2994 1970 3047 precum
1995 2975 2226 3028 formulis
2252 2975 2325 3026 illi

707 3074 907 3144 proprie
947 3071 1558 3142 convenientibus,'quid
1599 3070 1763 3123 visum
1800 3071 1953 3123 fuerit
1987 3072 2226 3141 petierint
2265 3088 2331 3121 ex
