2498 3575
314 220 2370 245 .-.--—---————--—-——-——--————————-
2402 214 2408 217 .

320 283 326 415 Ι
415 314 517 383 506

320 421 325 479 l

365 516 404 551 P.
425 526 515 562 430.

386 2794 537 2840 P.431.

1231 312 1742 357 EXCERPTA

738 505 918 560 Fortes,
944 502 1191 560 mehercle,
1217 501 1483 564 strenuique
1497 498 1698 567 juvenes
1723 499 1830 546 sunt
1854 498 1934 556 illi,
1959 514 2164 562 quorum
2185 497 2312 545 fimi-

806 596 870 643 les
894 595 1057 642 frustra
1080 596 1201 641 inter
1228 594 1444 640 homines
1467 592 1716 656 quaefieris.

732 696 980 757 Satrapum
1007 692 1382 756 praestantiffimi,
1405 693 1621 755 equitum
1647 688 1895 747 fortiffimi,
1915 689 2073 736 leones
2092 690 2173 752 qui
2196 688 2311 736 dum

807 785 948 832 catuli
973 785 1126 831 adhuc
1150 785 1314 841 essent,
1340 785 1386 830 in
1412 783 1543 846 sylvis
1568 791 1616 829 et
1639 783 1824 829 saltibus
1847 782 1954 829 sunt
1977 783 2177 829 educati.

736 885 903 948 Itaque
944 891 1085 946 caput
1127 883 1387 929 diademate
1430 881 1630 938 elnotus,
1673 881 1836 928 cubito
1875 881 2081 938 innixus,
2120 881 2168 928 in
2203 880 2318 928 celsa

810 977 1074 1024 Gamdanae
1097 992 1215 1033 arce,
1237 992 1378 1038 quam
1405 975 1557 1022 sedem
1584 974 1666 1021 tibi
1691 973 1879 1037 elegisti,
1900 972 2085 1020 favente
2109 972 2315 1032 fortuna,

808 1072 950 1135 genio
976 1069 1232 1133 indulgeas.

737 1166 862 1213 Haec
887 1165 994 1212 sunt
1018 1164 1210 1211 fortium
1234 1163 1433 1227 gaudia:
1475 1179 1571 1209 non
1595 1178 1704 1209 vero
1726 1160 1823 1208 duo
1847 1160 1979 1207 laetis
2000 1159 2181 1224 pocula,
2207 1177 2316 1223 quae

809 1275 929 1323 aqua
952 1259 1225 1315 commixta,
1251 1273 1360 1303 mox
1384 1257 1518 1302 urina
1541 1254 1663 1302 faeta
1686 1254 1929 1300 diffluunt.
2301 1248 2303 1251 ’

739 1355 909 1406 Seifus
944 1354 1030 1404 ille
1066 1351 1449 1422 Dhou-yazani
1488 1351 1625 1402 filius
1658 1368 1723 1400 ex
1756 1348 2026 1418 Abyffinis
2063 1347 2316 1416 quosdam

665 1450 931 1520 selegerat,
955 1458 1007 1499 et
1033 1448 1124 1499 fibi
1151 1447 1393 1516 proxime
1415 1448 1738 1506 admoverat,
1762 1444 1852 1512 qui
1875 1462 1997 1494 eum
2026 1445 2091 1494 de
2117 1444 2317 1512 impro-

663 1545 772 1596 viso
793 1545 959 1596 adorti
986 1551 1323 1594 necaverunt.
1374 1541 1519 1592 Mifit
1544 1541 1720 1609 itaque
1741 1539 1959 1590 Cosroes
1985 1539 2316 1608 praefeffifflm,

665 1641 755 1710 qui
789 1641 880 1691 suo
919 1639 1136 1690 nomine
1178 1638 1432 1688 Yemanae
1474 1636 1757 1705 imperaret
1778 1656 1789 1696 ;
1843 1644 1896 1685 et
1933 1634 2074 1703 apud
2114 1633 2320 1684 Cosrois

668 1735 946 1804 praestetos
970 1733 1156 1784 mansit
1183 1732 1341 1801 hujus
1369 1731 1517 1801 regni
1543 1729 1947 1781 administratio:
1975 1730 2169 1780 horum
2195 1729 2320 1779 ulti-

668 1850 784 1882 mus
823 1830 924 1881 fuit
959 1829 1260 1889 Badhanus,
1289 1827 1380 1895 qui
1407 1843 1613 1877 coaevus
1650 1825 1750 1875 fuit
1785 1824 2082 1892 Prophetae,
2110 1832 2163 1875 et
2196 1823 2320 1875 Issa-

669 1927 857 1978 mismo
880 1942 1078 1975 nomen
1101 1923 1270 1974 dedit:
1301 1922 1490 1973 deinde
1517 1921 1570 1971 in
1599 1920 1851 1971 Issamicae
1878 1920 2145 1990 religionis
2165 1920 2321 1971 ditio-

670 2039 793 2072 nem
823 2019 1019 2070 transsit
1045 2018 1302 2069 Yemana.

745 2114 1000 2166 Absoluta
1026 2114 1098 2164 est
1124 2129 1308 2182 regum
1335 2109 1745 2162 Yernanenfium
1778 2109 2005 2159 historia.

741 2347 828 2399 De
853 2345 1088 2398 Arabum
1115 2344 1322 2418 regibus
1347 2344 1435 2416 qui
1461 2351 1613 2396 eastra
1644 2343 1925 2395 Yemanam
1951 2349 2260 2415 regnarunt.

747 2494 953 2544 Primus
980 2493 1243 2543 Arabibus
1278 2493 1332 2543 in
1370 2492 1584 2561 regione
1621 2490 1767 2541 Hirae
1800 2490 1945 2559 regio
1977 2489 2195 2540 nomine
2221 2489 2322 2541 im-

674 2589 873 2657 peravit
918 2588 1157 2638 Malecus
1196 2587 1333 2637 filius
1374 2586 1591 2637 Fahmi:
1636 2586 1723 2635 hic
1761 2585 2070 2635 continuata
2103 2602 2323 2635 avorum

675 2683 799 2734 serie
825 2700 920 2751 per
946 2682 1265 2742 Ganemum‚
1294 2680 1554 2740 Dousum,
1582 2679 1912 2741 Odthanum,
1949 2679 2322 2741 Abdallahum,

678 2777 754 2827 W
756 2778 1038 2837 ahzanum,
1079 2775 1336 2836 Caabum,
1378 2774 1697 2835 Harethum,
1739 2774 1994 2834 Caabum,
2034 2773 2323 2835 Malecum‚

678 2881 731 2922 et
754 2870 981 2921 Nasrum
1009 2871 1074 2921 ab
1101 2871 1253 2920 Azdo
1278 2869 1426 2919 Nasri
1455 2879 1602 2937 patre
1629 2869 1886 2938 originem
1915 2869 2156 2919 ducebat.
2213 2867 2319 2918 Az-

679 2967 773 3016 dus
803 2983 923 3016 vero
946 2983 1011 3015 ex
1030 2964 1147 3014 filiis
1174 2963 1395 3014 Cahlani
1418 2963 1535 3023 fuit,
1559 2963 1649 3030 qui
1673 2962 1862 3013 Sabam
1889 2971 2093 3031 patrem
2116 2962 2322 3024 habuit,

684 3059 975 3110 Yasehhabi
1016 3058 1204 3118 filium,
1247 3057 1440 3106 Yarebi
1484 3065 1752 3124 nepotem,
1798 3065 2146 3125 pronepotem
2197 3074 2322 3107 vero
