2498 3575
441 321 542 391 516

390 1074 429 1110 P.
449 1085 541 1121 440.

1251 321 1762 364 EXCERPTA

684 510 799 543 rum
826 492 1108 553 occidisset,
1132 492 1236 543 sese
1262 493 1513 560 potentiae
1541 492 1652 561 ejus
1678 491 2011 560 subjecerunt
2037 497 2151 540 tum
2181 487 2328 540 Kod-

682 587 855 645 haitae,
903 595 1015 637 tum
1066 586 1238 637 Graeei
1281 587 1372 655 qui
1419 587 1623 656 Syriam
1668 585 1999 644 incolebant;
2058 583 2330 651 multaque

681 681 901 731 aedificia
927 680 982 731 in
1010 680 1158 750 Syria
1184 681 1490 731 construxit.
1542 680 1642 730 Illo
1670 687 1900 738 mortUO,
1928 678 2167 748 regnavit
2191 678 2330 729 filius

681 775 791 843 ejus
836 775 1034 826 Amrus
1085 774 1300 844 Djofnae
1345 775 1502 835 filius,
1543 775 1873 843 plurimaque
1921 773 2231 823 monasteria
2274 773 2330 823 in

682 869 830 937 Syria
856 869 1149 930 aedificavit,
1177 887 1241 920 ex
1271 888 1498 938 quorum
1527 886 1749 920 numero
1775 868 1895 919 sunt
1922 867 2162 918 coenobia
2187 866 2329 925 Hali,

681 962 908 1031 Eyoubi‚
936 973 989 1015 et
1016 963 1198 1014 Hindi.

753 1057 990 1108 Tbaleba
1014 1059 1171 1127 hujus
1197 1058 1351 1109 Amri
1379 1059 1514 1109 filius
1536 1058 1671 1127 patri
1694 1057 1944 1115 succeffit,
1965 1064 2019 1107 et
2040 1056 2095 1106 in
2115 1056 2330 1126 regione

682 1149 937 1212 Haurani,
978 1171 1079 1220 qua
1121 1163 1269 1221 parte
1312 1153 1563 1204 Baikaam
1607 1152 1888 1222 contingit,
1929 1169 2104 1202 arcem
2149 1150 2330 1201 Gadiri

679 1247 946 1297 exstruxit.
1020 1247 1374 1298 Succefl'orem
1408 1247 1514 1315 ipse
1548 1248 1733 1298 habuit
1767 1247 1936 1297 filium
1972 1246 2122 1296 suum
2159 1244 2327 1296 Hare-

683 1340 853 1398 thum‚
876 1349 929 1391 et
948 1342 1061 1408 post
1085 1340 1384 1392 Harethum
1408 1342 1643 1411 regnavit
1666 1341 1906 1410 Djabala,
1925 1339 2149 1390 Harethi
2172 1340 2328 1401 filius,

681 1434 770 1501 qui
799 1433 1131 1496 Kanatirum‚
1159 1435 1456 1497 Adrahum‚
1479 1434 1534 1486 e't
1558 1435 1821 1486 Castalum
1849 1435 2143 1486 aedificavit.
2179 1437 2183 1440 ’

759 1527 1017 1597 [Djabalae
1036 1534 1051 1550 ²¹
1077 1529 1312 1580 succeffit
1339 1529 1606 1580 Harethus
1627 1531 1737 1599 ejus
1759 1530 1915 1588 filius,
1939 1530 2028 1597 qui
2054 1529 2109 1579 in
2136 1528 2332 1580 Balkaa

683 1621 856 1672 sedem
885 1623 1087 1683 habuit,
1115 1623 1292 1692 ibique
1319 1623 1563 1674 Hafirum
1590 1633 1645 1675 et
1669 1642 1844 1675 arcem
1872 1624 1983 1693 ejus
2014 1623 2291 1675 aedificavit
2316 1644 2327 1675 ε

682 1717 794 1784 post
828 1734 952 1767 eum
986 1719 1222 1787 regnavit
1257 1718 1551 1769 Mondarus
1587 1720 1755 1788 major
1788 1719 1926 1769 filius
1959 1717 2202 1779 Harethi,
2236 1719 2332 1769 filii

682 1809 938 1879 Djaba-lae,
982 1812 1075 1862 filii
1126 1812 1368 1874 Harethi,
1418 1814 1511 1864 filii
1560 1813 1830 1874 Thalabae,
1876 1813 1969 1864 filii
2019 1810 2192 1874 Amri,
2238 1813 2333 1864 filii
2410 1853 2413 1871 2

681 1903 898 1973 Djofnae
921 1906 1126 1973 prioris.
1205 1907 1424 1958 Mortuo
1457 1917 1634 1959 autem
1668 1907 1932 1958 Mondaro
1967 1907 2183 1976 majore,
2213 1925 2330 1978 reg-

686 1999 827 2048 navit
863 2017 958 2067 pro
993 2018 1057 2050 eo
1090 2000 1369 2051 Nomanus
1408 2001 1569 2052 frater
1604 2003 1733 2071 ejus,
1762 2001 1985 2053 Harethi
2015 2002 2174 2072 filius]
2207 2021 2331 2053 mox

684 2091 844 2142 frater
872 2094 1143 2163 utriusque
1177 2094 1418 2164 Djabala,
1455 2095 1678 2147 Harethi
1710 2097 1865 2157 filius,
1901 2106 2015 2147 tum
2051 2096 2331 2167 Ayhamus

686 2186 792 2254 ipse
819 2206 1029 2256 quoque
1057 2189 1280 2240 Harethi
1306 2190 1461 2251 filius,
1489 2200 1542 2241 et
1574 2190 1757 2260 regum
1785 2191 2199 2259 praecedentium
2227 2192 2331 2243 fra-

685 2289 780 2341 ter,
809 2283 899 2349 qui
933 2284 1174 2334 coenobia
1207 2283 1484 2336 Dhakhmi
1520 2294 1573 2335 et
1603 2285 1835 2336 Banouae
1862 2285 2155 2337 aedificavit.
2219 2286 2332 2356 Ay-

687 2376 845 2426 hamo
896 2377 1130 2428 succeffit
1178 2378 1395 2440 Amrus,
1443 2378 1666 2430 Harethi
1715 2380 1870 2441 filius,
1917 2378 2331 2448 supradi6³oerum
2393 2441 2395 2445 ἢ

686 2469 860 2521 frater.
1315 2537 1317 2539 ι

762 2564 894 2615 Mox
922 2567 1160 2635 regnavit
1189 2566 1389 2636 Djofna
1424 2569 1614 2628 minor,
1642 2567 1892 2619 BIondari
1927 2569 2138 2639 majoris
2163 2569 2331 2621 filius:
2394 2634 2395 2637 Ἴ

688 2657 794 2725 ipse
831 2657 1017 2709 Hiram
1058 2661 1180 2730 igne
1217 2661 1502 2722 succendit,
1544 2663 1612 2712 ob
1653 2681 1812 2730 quam
1846 2663 2054 2714 causam
2089 2663 2184 2714 filii
2221 2664 2334 2733 ejus

742 2840 757 2858 ⁸
791 2836 883 2872 Haec
910 2850 994 2885 quae
1024 2838 1169 2874 uncinis
1200 2838 1340 2875 inclusa
1362 2839 1458 2882 sunt,
1480 2839 1657 2888 leguntur
1677 2840 1827 2889 quidem
1852 2841 1887 2876 in
1912 2842 2159 2890 autographO,
2179 2839 2238 2878 sed
2259 2854 2334 2878 non

689 2908 770 2944 suut
794 2923 905 2946 manu
927 2912 1124 2947 Abulfedae
1147 2913 1291 2961 scripta.
1350 2913 1496 2950 Infimae
1517 2927 1650 2963 nempe
1674 2914 1783 2963 hujus
1804 2915 1951 2964 paginae
1973 2915 2069 2965 parti
2089 2915 2247 2964 glutinis
2265 2929 2334 2965 ope

691 2983 992 3032 superinfflfflum
1022 2987 1069 3022 est
1101 2988 1239 3023 chartae
1265 2987 1530 3036 fragmentum,
1558 2988 1595 3024 in
1626 3002 1702 3037 quo
1732 2989 1760 3024 is
1789 2989 1854 3038 qui
1883 2989 2046 3026 codicem
2077 2988 2274 3033 resarcivit,
2293 3003 2336 3027 ea

691 3058 868 3108 referii-fit
889 3073 974 3108 quae
995 3060 1031 3096 in
1053 3063 1284 3111 autographo
1305 3063 1399 3098 inter
1419 3062 1548 3098 lituras
1567 3076 1664 3112 aegre
1685 3063 1914 3112 legebantur.
