<?xml version="1.0" encoding="UTF-8"?>
<!DOCTYPE html PUBLIC "-//W3C//DTD XHTML 1.0 Transitional//EN"
    "http://www.w3.org/TR/xhtml1/DTD/xhtml1-transitional.dtd">
<html xmlns="http://www.w3.org/1999/xhtml" xml:lang="en" lang="en">
 <head>
  <title>
</title>
<meta http-equiv="Content-Type" content="text/html;charset=utf-8" />
  <meta name='ocr-system' content='tesseract 3.04.00' />
  <meta name='ocr-capabilities' content='ocr_page ocr_carea ocr_par ocr_line ocrx_word'/>
</head>
<body>
  <div class='ocr_page' id='page_1' title='image "./specimenhistoria00pocouoft_0024.png"; bbox 0 0 2498 3575; ppageno 0'>
   <div class='ocr_carea' id='block_1_1' title="bbox 1216 345 1657 390">
    <p class='ocr_par' dir='ltr' id='par_1_1' title="bbox 1216 345 1657 390">
     <span class='ocr_line' id='line_1_1' title="bbox 1216 345 1657 390; baseline -0.009 0"><span class='ocrx_word' id='word_1_1' title='bbox 1216 345 1657 390; x_wconf 87' lang='lat' dir='ltr'><strong>PRAEFATIO</strong></span> 
     </span>
    </p>
   </div>
   <div class='ocr_carea' id='block_1_2' title="bbox 251 232 2319 514">
    <p class='ocr_par' dir='ltr' id='par_1_2' title="bbox 251 232 2319 514">
     <span class='ocr_line' id='line_1_2' title="bbox 251 232 2319 514; baseline 0 3061"><span class='ocrx_word' id='word_1_2' title='bbox 251 232 2319 514; x_wconf 95' lang='lat' dir='ltr'> </span> 
     </span>
    </p>
   </div>
   <div class='ocr_carea' id='block_1_3' title="bbox 613 550 2285 2924">
    <p class='ocr_par' dir='ltr' id='par_1_3' title="bbox 613 550 2285 2924">
     <span class='ocr_line' id='line_1_3' title="bbox 613 550 2259 631; baseline -0.007 -19"><span class='ocrx_word' id='word_1_3' title='bbox 613 561 851 631; x_wconf 82' lang='lat' dir='ltr'>gessimus</span> <span class='ocrx_word' id='word_1_4' title='bbox 888 557 1200 615; x_wconf 84' lang='lat' dir='ltr'>authoribus,</span> <span class='ocrx_word' id='word_1_5' title='bbox 1247 556 1439 626; x_wconf 80' lang='lat' dir='ltr'>singula</span> <span class='ocrx_word' id='word_1_6' title='bbox 1479 555 1540 605; x_wconf 87' lang='lat' dir='ltr'>ad</span> <span class='ocrx_word' id='word_1_7' title='bbox 1579 553 1745 623; x_wconf 84' lang='lat' dir='ltr'>capita</span> <span class='ocrx_word' id='word_1_8' title='bbox 1783 553 1846 603; x_wconf 87' lang='lat' dir='ltr'>ab</span> <span class='ocrx_word' id='word_1_9' title='bbox 1885 551 1989 622; x_wconf 89' lang='lat' dir='ltr'>ipso</span> <span class='ocrx_word' id='word_1_10' title='bbox 2036 550 2259 602; x_wconf 86' lang='lat' dir='ltr'>indicata</span> 
     </span>
     <span class='ocr_line' id='line_1_4' title="bbox 614 655 2256 733; baseline -0.007 -17"><span class='ocrx_word' id='word_1_11' title='bbox 614 665 938 723; x_wconf 89' lang='lat' dir='ltr'>referrentur,</span> <span class='ocrx_word' id='word_1_12' title='bbox 962 664 1199 733; x_wconf 84' lang='lat' dir='ltr'>pleraque</span> <span class='ocrx_word' id='word_1_13' title='bbox 1231 659 1489 730; x_wconf 88' lang='lat' dir='ltr'>conceptis</span> <span class='ocrx_word' id='word_1_14' title='bbox 1519 658 1742 728; x_wconf 87' lang='lat' dir='ltr'>ipsorum</span> <span class='ocrx_word' id='word_1_15' title='bbox 1759 656 1938 716; x_wconf 87' lang='lat' dir='ltr'>verbis,</span> <span class='ocrx_word' id='word_1_16' title='bbox 1961 655 2015 707; x_wconf 90' lang='lat' dir='ltr'>in</span> <span class='ocrx_word' id='word_1_17' title='bbox 2040 655 2256 725; x_wconf 83' lang='lat' dir='ltr'>gratiam</span> 
     </span>
     <span class='ocr_line' id='line_1_5' title="bbox 616 755 2260 839; baseline -0.006 -19"><span class='ocrx_word' id='word_1_18' title='bbox 616 769 805 839; x_wconf 88' lang='lat' dir='ltr'>linguae</span> <span class='ocrx_word' id='word_1_19' title='bbox 839 767 1071 819; x_wconf 86' lang='lat' dir='ltr'>Arabicae</span> <span class='ocrx_word' id='word_1_20' title='bbox 1111 765 1465 824; x_wconf 90' lang='lat' dir='ltr'>studiosorum,</span> <span class='ocrx_word' id='word_1_21' title='bbox 1497 762 1644 834; x_wconf 90' lang='lat' dir='ltr'>(curn</span> <span class='ocrx_word' id='word_1_22' title='bbox 1683 761 1796 814; x_wconf 83' lang='lat' dir='ltr'>libri</span> <span class='ocrx_word' id='word_1_23' title='bbox 1833 763 2002 813; x_wconf 89' lang='lat' dir='ltr'>adhuc</span> <span class='ocrx_word' id='word_1_24' title='bbox 2035 755 2260 813; x_wconf 72' lang='grc' dir='ltr'><em>οἱνέκὸοτοι</em></span> 
     </span>
     <span class='ocr_line' id='line_1_6' title="bbox 617 862 2261 944; baseline -0.006 -19"><span class='ocrx_word' id='word_1_25' title='bbox 617 873 756 944; x_wconf 81' lang='lat' dir='ltr'>sint,)</span> <span class='ocrx_word' id='word_1_26' title='bbox 807 871 1091 924; x_wconf 83' lang='lat' dir='ltr'>Latinitate</span> <span class='ocrx_word' id='word_1_27' title='bbox 1128 882 1305 921; x_wconf 87' lang='lat' dir='ltr'>tamen</span> <span class='ocrx_word' id='word_1_28' title='bbox 1343 868 1518 920; x_wconf 86' lang='lat' dir='ltr'>omnia</span> <span class='ocrx_word' id='word_1_29' title='bbox 1557 869 1759 928; x_wconf 89' lang='lat' dir='ltr'>donata,</span> <span class='ocrx_word' id='word_1_30' title='bbox 1801 886 1863 919; x_wconf 91' lang='lat' dir='ltr'>eo</span> <span class='ocrx_word' id='word_1_31' title='bbox 1905 866 2023 926; x_wconf 89' lang='lat' dir='ltr'>fine,</span> <span class='ocrx_word' id='word_1_32' title='bbox 2067 876 2128 916; x_wconf 89' lang='lat' dir='ltr'>ut</span> <span class='ocrx_word' id='word_1_33' title='bbox 2173 862 2261 934; x_wconf 91' lang='lat' dir='ltr'>qui</span> 
     </span>
     <span class='ocr_line' id='line_1_7' title="bbox 621 969 2264 1045; baseline -0.005 -16"><span class='ocrx_word' id='word_1_34' title='bbox 621 976 837 1029; x_wconf 74' lang='lat' dir='ltr'>historia,²</span> <span class='ocrx_word' id='word_1_35' title='bbox 877 975 1036 1045; x_wconf 88' lang='lat' dir='ltr'>magis</span> <span class='ocrx_word' id='word_1_36' title='bbox 1075 993 1231 1045; x_wconf 85' lang='lat' dir='ltr'>quam</span> <span class='ocrx_word' id='word_1_37' title='bbox 1272 973 1461 1043; x_wconf 85' lang='lat' dir='ltr'>linguae</span> <span class='ocrx_word' id='word_1_38' title='bbox 1505 971 1745 1023; x_wconf 85' lang='lat' dir='ltr'>notitiam</span> <span class='ocrx_word' id='word_1_39' title='bbox 1785 982 2033 1042; x_wconf 87' lang='lat' dir='ltr'>quaerant,</span> <span class='ocrx_word' id='word_1_40' title='bbox 2075 969 2264 1022; x_wconf 84' lang='lat' dir='ltr'>omiffis</span> 
     </span>
     <span class='ocr_line' id='line_1_8' title="bbox 623 1074 2262 1151; baseline -0.005 -18"><span class='ocrx_word' id='word_1_41' title='bbox 623 1081 864 1141; x_wconf 84' lang='lat' dir='ltr'>Arabicis,</span> <span class='ocrx_word' id='word_1_42' title='bbox 889 1081 1016 1151; x_wconf 90' lang='lat' dir='ltr'>pede</span> <span class='ocrx_word' id='word_1_43' title='bbox 1039 1078 1285 1130; x_wconf 84' lang='lat' dir='ltr'>inoffenso</span> <span class='ocrx_word' id='word_1_44' title='bbox 1309 1088 1540 1148; x_wconf 82' lang='lat' dir='ltr'>pergant.</span> <span class='ocrx_word' id='word_1_45' title='bbox 1590 1077 1816 1128; x_wconf 77' lang='lat' dir='ltr'>Arabum</span> <span class='ocrx_word' id='word_1_46' title='bbox 1838 1075 2044 1127; x_wconf 88' lang='lat' dir='ltr'>interim</span> <span class='ocrx_word' id='word_1_47' title='bbox 2070 1074 2262 1126; x_wconf 87' lang='lat' dir='ltr'>nostro-</span> 
     </span>
     <span class='ocr_line' id='line_1_9' title="bbox 623 1179 2266 1251; baseline -0.005 -13"><span class='ocrx_word' id='word_1_48' title='bbox 623 1207 737 1238; x_wconf 86' lang='lat' dir='ltr'>rum</span> <span class='ocrx_word' id='word_1_49' title='bbox 779 1184 1119 1243; x_wconf 89' lang='lat' dir='ltr'>monimenta,</span> <span class='ocrx_word' id='word_1_50' title='bbox 1152 1202 1272 1235; x_wconf 88' lang='lat' dir='ltr'>cum</span> <span class='ocrx_word' id='word_1_51' title='bbox 1315 1181 1497 1234; x_wconf 80' lang='lat' dir='ltr'>Graecis</span> <span class='ocrx_word' id='word_1_52' title='bbox 1530 1192 1581 1232; x_wconf 90' lang='lat' dir='ltr'>et</span> <span class='ocrx_word' id='word_1_53' title='bbox 1610 1180 1802 1232; x_wconf 81' lang='lat' dir='ltr'>Latinis</span> <span class='ocrx_word' id='word_1_54' title='bbox 1840 1179 2086 1239; x_wconf 89' lang='lat' dir='ltr'>conferre,</span> <span class='ocrx_word' id='word_1_55' title='bbox 2116 1179 2266 1251; x_wconf 87' lang='lat' dir='ltr'>hujus</span> 
     </span>
     <span class='ocr_line' id='line_1_10' title="bbox 624 1283 2268 1361; baseline -0.005 -18"><span class='ocrx_word' id='word_1_56' title='bbox 624 1291 718 1343; x_wconf 82' lang='lat' dir='ltr'>esse</span> <span class='ocrx_word' id='word_1_57' title='bbox 748 1290 909 1361; x_wconf 86' lang='lat' dir='ltr'>operis</span> <span class='ocrx_word' id='word_1_58' title='bbox 946 1308 1051 1340; x_wconf 90' lang='lat' dir='ltr'>non</span> <span class='ocrx_word' id='word_1_59' title='bbox 1080 1287 1335 1339; x_wconf 66' lang='lat' dir='ltr'>duximus</span> <span class='ocrx_word' id='word_1_60' title='bbox 1415 1286 1568 1337; x_wconf 91' lang='lat' dir='ltr'>Porro</span> <span class='ocrx_word' id='word_1_61' title='bbox 1597 1287 1884 1338; x_wconf 88' lang='lat' dir='ltr'>monendus</span> <span class='ocrx_word' id='word_1_62' title='bbox 1913 1303 1978 1344; x_wconf 89' lang='lat' dir='ltr'>es,</span> <span class='ocrx_word' id='word_1_63' title='bbox 2011 1283 2268 1336; x_wconf 86' lang='lat' dir='ltr'>Benevole</span> 
     </span>
     <span class='ocr_line' id='line_1_11' title="bbox 625 1389 2268 1454; baseline -0.005 -7"><span class='ocrx_word' id='word_1_64' title='bbox 625 1397 832 1454; x_wconf 70' lang='lat' dir='ltr'>Le&amp;or,</span> <span class='ocrx_word' id='word_1_65' title='bbox 874 1414 962 1445; x_wconf 90' lang='lat' dir='ltr'>nos</span> <span class='ocrx_word' id='word_1_66' title='bbox 1011 1393 1064 1444; x_wconf 89' lang='lat' dir='ltr'>in</span> <span class='ocrx_word' id='word_1_67' title='bbox 1111 1391 1422 1449; x_wconf 85' lang='lat' dir='ltr'>nominibus,</span> <span class='ocrx_word' id='word_1_68' title='bbox 1472 1390 1569 1441; x_wconf 84' lang='lat' dir='ltr'>sive</span> <span class='ocrx_word' id='word_1_69' title='bbox 1614 1390 1857 1449; x_wconf 86' lang='lat' dir='ltr'>virorum,</span> <span class='ocrx_word' id='word_1_70' title='bbox 1898 1389 1995 1441; x_wconf 86' lang='lat' dir='ltr'>five</span> <span class='ocrx_word' id='word_1_71' title='bbox 2032 1390 2268 1440; x_wconf 89' lang='lat' dir='ltr'>locorum</span> 
     </span>
     <span class='ocr_line' id='line_1_12' title="bbox 627 1494 2268 1573; baseline -0.006 -20"><span class='ocrx_word' id='word_1_72' title='bbox 627 1501 850 1573; x_wconf 88' lang='lat' dir='ltr'>propriis,</span> <span class='ocrx_word' id='word_1_73' title='bbox 882 1497 1213 1570; x_wconf 88' lang='lat' dir='ltr'>superstitiose</span> <span class='ocrx_word' id='word_1_74' title='bbox 1243 1497 1485 1556; x_wconf 80' lang='lat' dir='ltr'>Arabum,</span> <span class='ocrx_word' id='word_1_75' title='bbox 1516 1507 1623 1546; x_wconf 85' lang='lat' dir='ltr'>tarn</span> <span class='ocrx_word' id='word_1_76' title='bbox 1658 1494 1922 1553; x_wconf 86' lang='lat' dir='ltr'>scribendi,</span> <span class='ocrx_word' id='word_1_77' title='bbox 1953 1513 2109 1564; x_wconf 89' lang='lat' dir='ltr'>quam</span> <span class='ocrx_word' id='word_1_78' title='bbox 2151 1510 2268 1563; x_wconf 89' lang='lat' dir='ltr'>pro-</span> 
     </span>
     <span class='ocr_line' id='line_1_13' title="bbox 629 1597 2272 1673; baseline -0.006 -16"><span class='ocrx_word' id='word_1_79' title='bbox 629 1605 898 1657; x_wconf 89' lang='lat' dir='ltr'>nuntiandi</span> <span class='ocrx_word' id='word_1_80' title='bbox 938 1604 989 1654; x_wconf 92' lang='lat' dir='ltr'>in</span> <span class='ocrx_word' id='word_1_81' title='bbox 1029 1602 1276 1673; x_wconf 88' lang='lat' dir='ltr'>plerisque</span> <span class='ocrx_word' id='word_1_82' title='bbox 1307 1600 1436 1652; x_wconf 88' lang='lat' dir='ltr'>mori</span> <span class='ocrx_word' id='word_1_83' title='bbox 1464 1599 1747 1657; x_wconf 82' lang='lat' dir='ltr'>adhaefiffe;</span> <span class='ocrx_word' id='word_1_84' title='bbox 1791 1618 1895 1649; x_wconf 88' lang='lat' dir='ltr'>non</span> <span class='ocrx_word' id='word_1_85' title='bbox 1922 1597 2034 1649; x_wconf 89' lang='lat' dir='ltr'>satis</span> <span class='ocrx_word' id='word_1_86' title='bbox 2061 1617 2135 1658; x_wconf 89' lang='lat' dir='ltr'>ea,</span> <span class='ocrx_word' id='word_1_87' title='bbox 2167 1615 2272 1668; x_wconf 92' lang='lat' dir='ltr'>quo</span> 
     </span>
     <span class='ocr_line' id='line_1_14' title="bbox 628 1702 2270 1780; baseline -0.005 -19"><span class='ocrx_word' id='word_1_88' title='bbox 628 1712 777 1780; x_wconf 87' lang='lat' dir='ltr'>vulgo</span> <span class='ocrx_word' id='word_1_89' title='bbox 817 1708 982 1760; x_wconf 83' lang='lat' dir='ltr'>efferri</span> <span class='ocrx_word' id='word_1_90' title='bbox 1021 1708 1100 1758; x_wconf 87' lang='lat' dir='ltr'>vel</span> <span class='ocrx_word' id='word_1_91' title='bbox 1145 1706 1379 1777; x_wconf 89' lang='lat' dir='ltr'>appellari</span> <span class='ocrx_word' id='word_1_92' title='bbox 1430 1705 1591 1755; x_wconf 88' lang='lat' dir='ltr'>solent</span> <span class='ocrx_word' id='word_1_93' title='bbox 1641 1704 1814 1763; x_wconf 88' lang='lat' dir='ltr'>modo,</span> <span class='ocrx_word' id='word_1_94' title='bbox 1857 1702 2075 1773; x_wconf 74' lang='lat' dir='ltr'>expressa</span> <span class='ocrx_word' id='word_1_95' title='bbox 2118 1713 2270 1761; x_wconf 89' lang='lat' dir='ltr'>ratos,</span> 
     </span>
     <span class='ocr_line' id='line_1_15' title="bbox 629 1807 2271 1870; baseline -0.003 -7"><span class='ocrx_word' id='word_1_96' title='bbox 629 1834 747 1866; x_wconf 86' lang='lat' dir='ltr'>cum</span> <span class='ocrx_word' id='word_1_97' title='bbox 793 1813 918 1864; x_wconf 87' lang='lat' dir='ltr'>nihil</span> <span class='ocrx_word' id='word_1_98' title='bbox 955 1812 1006 1863; x_wconf 89' lang='lat' dir='ltr'>in</span> <span class='ocrx_word' id='word_1_99' title='bbox 1038 1811 1264 1862; x_wconf 78' lang='lat' dir='ltr'>Arabum</span> <span class='ocrx_word' id='word_1_100' title='bbox 1292 1809 1444 1870; x_wconf 82' lang='lat' dir='ltr'>libris,</span> <span class='ocrx_word' id='word_1_101' title='bbox 1474 1810 1552 1860; x_wconf 90' lang='lat' dir='ltr'>vel</span> <span class='ocrx_word' id='word_1_102' title='bbox 1585 1807 1968 1860; x_wconf 85' lang='lat' dir='ltr'>transcribendis</span> <span class='ocrx_word' id='word_1_103' title='bbox 1996 1809 2076 1860; x_wconf 87' lang='lat' dir='ltr'>vel</span> <span class='ocrx_word' id='word_1_104' title='bbox 2106 1807 2271 1859; x_wconf 87' lang='lat' dir='ltr'>trans—</span> 
     </span>
     <span class='ocr_line' id='line_1_16' title="bbox 631 1913 2273 1987; baseline -0.004 -17"><span class='ocrx_word' id='word_1_105' title='bbox 631 1918 859 1976; x_wconf 79' lang='lat' dir='ltr'>ferendiS‚</span> <span class='ocrx_word' id='word_1_106' title='bbox 886 1916 1110 1987; x_wconf 88' lang='lat' dir='ltr'>plurium</span> <span class='ocrx_word' id='word_1_107' title='bbox 1130 1935 1356 1967; x_wconf 89' lang='lat' dir='ltr'>errorum</span> <span class='ocrx_word' id='word_1_108' title='bbox 1382 1914 1514 1985; x_wconf 88' lang='lat' dir='ltr'>(imo</span> <span class='ocrx_word' id='word_1_109' title='bbox 1536 1913 1905 1984; x_wconf 87' lang='lat' dir='ltr'>monstrorum)</span> <span class='ocrx_word' id='word_1_110' title='bbox 1928 1914 2074 1965; x_wconf 90' lang='lat' dir='ltr'>causa</span> <span class='ocrx_word' id='word_1_111' title='bbox 2103 1913 2273 1974; x_wconf 90' lang='lat' dir='ltr'>fuerit,</span> 
     </span>
     <span class='ocr_line' id='line_1_17' title="bbox 631 2017 2272 2094; baseline -0.004 -20"><span class='ocrx_word' id='word_1_112' title='bbox 631 2042 788 2094; x_wconf 87' lang='lat' dir='ltr'>quam</span> <span class='ocrx_word' id='word_1_113' title='bbox 825 2023 919 2072; x_wconf 92' lang='lat' dir='ltr'>hac</span> <span class='ocrx_word' id='word_1_114' title='bbox 955 2041 1016 2072; x_wconf 83' lang='lat' dir='ltr'>ex</span> <span class='ocrx_word' id='word_1_115' title='bbox 1054 2032 1193 2091; x_wconf 89' lang='lat' dir='ltr'>parte</span> <span class='ocrx_word' id='word_1_116' title='bbox 1229 2019 1444 2077; x_wconf 89' lang='lat' dir='ltr'>incuria;</span> <span class='ocrx_word' id='word_1_117' title='bbox 1487 2038 1581 2070; x_wconf 89' lang='lat' dir='ltr'>nec</span> <span class='ocrx_word' id='word_1_118' title='bbox 1610 2030 1804 2076; x_wconf 88' lang='lat' dir='ltr'>tamen,</span> <span class='ocrx_word' id='word_1_119' title='bbox 1837 2038 1957 2069; x_wconf 88' lang='lat' dir='ltr'>cum</span> <span class='ocrx_word' id='word_1_120' title='bbox 1991 2017 2144 2069; x_wconf 89' lang='lat' dir='ltr'>nimis</span> <span class='ocrx_word' id='word_1_121' title='bbox 2173 2018 2272 2069; x_wconf 88' lang='lat' dir='ltr'>fre-</span> 
     </span>
     <span class='ocr_line' id='line_1_18' title="bbox 634 2119 2276 2197; baseline -0.002 -19"><span class='ocrx_word' id='word_1_122' title='bbox 634 2139 846 2197; x_wconf 87' lang='lat' dir='ltr'>quenter</span> <span class='ocrx_word' id='word_1_123' title='bbox 878 2126 1066 2196; x_wconf 57' lang='lat' dir='ltr'>punOEta</span> <span class='ocrx_word' id='word_1_124' title='bbox 1105 2125 1365 2175; x_wconf 86' lang='lat' dir='ltr'>literarum</span> <span class='ocrx_word' id='word_1_125' title='bbox 1397 2119 1595 2194; x_wconf 62' lang='grc' dir='ltr'>ὁμοειδῶν</span> <span class='ocrx_word' id='word_1_126' title='bbox 1624 2123 1879 2175; x_wconf 86' lang='lat' dir='ltr'>diacritica</span> <span class='ocrx_word' id='word_1_127' title='bbox 1908 2124 2166 2185; x_wconf 86' lang='lat' dir='ltr'>omittere,</span> <span class='ocrx_word' id='word_1_128' title='bbox 2197 2125 2276 2175; x_wconf 86' lang='lat' dir='ltr'>vel</span> 
     </span>
     <span class='ocr_line' id='line_1_19' title="bbox 637 2227 2276 2298; baseline -0.002 -16"><span class='ocrx_word' id='word_1_129' title='bbox 637 2243 834 2282; x_wconf 89' lang='lat' dir='ltr'>mutare</span> <span class='ocrx_word' id='word_1_130' title='bbox 862 2231 1052 2281; x_wconf 87' lang='lat' dir='ltr'>soleant</span> <span class='ocrx_word' id='word_1_131' title='bbox 1082 2229 1272 2288; x_wconf 88' lang='lat' dir='ltr'>scribae,</span> <span class='ocrx_word' id='word_1_132' title='bbox 1301 2228 1353 2279; x_wconf 88' lang='lat' dir='ltr'>in</span> <span class='ocrx_word' id='word_1_133' title='bbox 1383 2228 1638 2288; x_wconf 85' lang='lat' dir='ltr'>omnibuS,</span> <span class='ocrx_word' id='word_1_134' title='bbox 1663 2229 1800 2298; x_wconf 89' lang='lat' dir='ltr'>quod</span> <span class='ocrx_word' id='word_1_135' title='bbox 1828 2227 1964 2279; x_wconf 86' lang='lat' dir='ltr'>volui</span> <span class='ocrx_word' id='word_1_136' title='bbox 1993 2227 2276 2280; x_wconf 76' lang='lat' dir='ltr'>assecutum</span> 
     </span>
     <span class='ocr_line' id='line_1_20' title="bbox 637 2331 2277 2406; baseline -0.001 -19"><span class='ocrx_word' id='word_1_137' title='bbox 637 2355 722 2387; x_wconf 89' lang='lat' dir='ltr'>me</span> <span class='ocrx_word' id='word_1_138' title='bbox 749 2334 971 2406; x_wconf 85' lang='lat' dir='ltr'>polliceri</span> <span class='ocrx_word' id='word_1_139' title='bbox 1006 2334 1183 2385; x_wconf 82' lang='lat' dir='ltr'>ausim.</span> <span class='ocrx_word' id='word_1_140' title='bbox 1264 2332 1312 2384; x_wconf 89' lang='lat' dir='ltr'>Si</span> <span class='ocrx_word' id='word_1_141' title='bbox 1342 2332 1425 2384; x_wconf 89' lang='lat' dir='ltr'>cui</span> <span class='ocrx_word' id='word_1_142' title='bbox 1456 2332 1759 2403; x_wconf 85' lang='lat' dir='ltr'>exemplaria</span> <span class='ocrx_word' id='word_1_143' title='bbox 1796 2331 1953 2403; x_wconf 88' lang='lat' dir='ltr'>magis</span> <span class='ocrx_word' id='word_1_144' title='bbox 1980 2333 2080 2384; x_wconf 82' lang='lat' dir='ltr'>fida</span> <span class='ocrx_word' id='word_1_145' title='bbox 2112 2333 2277 2385; x_wconf 88' lang='lat' dir='ltr'>conti—</span> 
     </span>
     <span class='ocr_line' id='line_1_21' title="bbox 638 2436 2277 2510; baseline -0.002 -19"><span class='ocrx_word' id='word_1_146' title='bbox 638 2440 820 2510; x_wconf 86' lang='lat' dir='ltr'>gerint,</span> <span class='ocrx_word' id='word_1_147' title='bbox 850 2438 1006 2490; x_wconf 89' lang='lat' dir='ltr'>ficubi</span> <span class='ocrx_word' id='word_1_148' title='bbox 1035 2450 1259 2489; x_wconf 87' lang='lat' dir='ltr'>erratum</span> <span class='ocrx_word' id='word_1_149' title='bbox 1288 2437 1365 2498; x_wconf 84' lang='lat' dir='ltr'>sit,</span> <span class='ocrx_word' id='word_1_150' title='bbox 1395 2437 1539 2488; x_wconf 88' lang='lat' dir='ltr'>facile</span> <span class='ocrx_word' id='word_1_151' title='bbox 1567 2436 1661 2488; x_wconf 91' lang='lat' dir='ltr'>erit</span> <span class='ocrx_word' id='word_1_152' title='bbox 1688 2436 1947 2507; x_wconf 81' lang='lat' dir='ltr'>corrigere.</span> <span class='ocrx_word' id='word_1_153' title='bbox 2027 2438 2087 2489; x_wconf 91' lang='lat' dir='ltr'>In</span> <span class='ocrx_word' id='word_1_154' title='bbox 2114 2437 2277 2508; x_wconf 86' lang='lat' dir='ltr'>expri-</span> 
     </span>
     <span class='ocr_line' id='line_1_22' title="bbox 643 2540 2282 2612; baseline -0.001 -17"><span class='ocrx_word' id='word_1_155' title='bbox 643 2545 831 2595; x_wconf 87' lang='lat' dir='ltr'>mendo</span> <span class='ocrx_word' id='word_1_156' title='bbox 868 2556 1043 2594; x_wconf 88' lang='lat' dir='ltr'>autem</span> <span class='ocrx_word' id='word_1_157' title='bbox 1083 2541 1284 2593; x_wconf 88' lang='lat' dir='ltr'>Latinis</span> <span class='ocrx_word' id='word_1_158' title='bbox 1321 2540 1476 2592; x_wconf 89' lang='lat' dir='ltr'>literis</span> <span class='ocrx_word' id='word_1_159' title='bbox 1501 2542 1739 2601; x_wconf 80' lang='lat' dir='ltr'>Arabica,</span> <span class='ocrx_word' id='word_1_160' title='bbox 1770 2541 1805 2591; x_wconf 91' lang='lat' dir='ltr'>s1</span> <span class='ocrx_word' id='word_1_161' title='bbox 1835 2561 1864 2593; x_wconf 90' lang='lat' dir='ltr'>a</span> <span class='ocrx_word' id='word_1_162' title='bbox 1897 2561 2039 2593; x_wconf 87' lang='lat' dir='ltr'>more</span> <span class='ocrx_word' id='word_1_163' title='bbox 2077 2552 2282 2612; x_wconf 86' lang='lat' dir='ltr'>recepto</span> 
     </span>
     <span class='ocr_line' id='line_1_23' title="bbox 643 2644 2282 2717; baseline -0.001 -19"><span class='ocrx_word' id='word_1_164' title='bbox 643 2647 825 2699; x_wconf 89' lang='lat' dir='ltr'>alicubi</span> <span class='ocrx_word' id='word_1_165' title='bbox 856 2646 1155 2706; x_wconf 78' lang='lat' dir='ltr'>recesserim,</span> <span class='ocrx_word' id='word_1_166' title='bbox 1183 2646 1376 2696; x_wconf 62' lang='lat' dir='ltr'>factum</span> <span class='ocrx_word' id='word_1_167' title='bbox 1405 2646 1502 2697; x_wconf 90' lang='lat' dir='ltr'>hoc</span> <span class='ocrx_word' id='word_1_168' title='bbox 1531 2645 1583 2695; x_wconf 91' lang='lat' dir='ltr'>in</span> <span class='ocrx_word' id='word_1_169' title='bbox 1611 2644 1909 2696; x_wconf 87' lang='lat' dir='ltr'>nostratium</span> <span class='ocrx_word' id='word_1_170' title='bbox 1936 2645 2170 2715; x_wconf 83' lang='lat' dir='ltr'>gratiam,</span> <span class='ocrx_word' id='word_1_171' title='bbox 2194 2645 2282 2717; x_wconf 87' lang='lat' dir='ltr'>qui</span> 
     </span>
     <span class='ocr_line' id='line_1_24' title="bbox 643 2749 2281 2820; baseline -0.001 -17"><span class='ocrx_word' id='word_1_172' title='bbox 643 2765 777 2803; x_wconf 89' lang='lat' dir='ltr'>certe</span> <span class='ocrx_word' id='word_1_173' title='bbox 805 2751 1029 2802; x_wconf 85' lang='lat' dir='ltr'>Arabicis</span> <span class='ocrx_word' id='word_1_174' title='bbox 1061 2749 1444 2820; x_wconf 87' lang='lat' dir='ltr'>pronuntiandis</span> <span class='ocrx_word' id='word_1_175' title='bbox 1481 2749 1585 2819; x_wconf 89' lang='lat' dir='ltr'>apti</span> <span class='ocrx_word' id='word_1_176' title='bbox 1622 2749 1735 2800; x_wconf 88' lang='lat' dir='ltr'>satis</span> <span class='ocrx_word' id='word_1_177' title='bbox 1777 2749 1883 2800; x_wconf 89' lang='lat' dir='ltr'>nati</span> <span class='ocrx_word' id='word_1_178' title='bbox 1913 2751 2048 2809; x_wconf 88' lang='lat' dir='ltr'>sunt,</span> <span class='ocrx_word' id='word_1_179' title='bbox 2079 2768 2176 2801; x_wconf 88' lang='lat' dir='ltr'>nec</span> <span class='ocrx_word' id='word_1_180' title='bbox 2204 2762 2281 2801; x_wconf 89' lang='lat' dir='ltr'>ta-</span> 
     </span>
     <span class='ocr_line' id='line_1_25' title="bbox 648 2853 2285 2924; baseline -0.001 -17"><span class='ocrx_word' id='word_1_181' title='bbox 648 2875 766 2907; x_wconf 89' lang='lat' dir='ltr'>men</span> <span class='ocrx_word' id='word_1_182' title='bbox 803 2874 981 2907; x_wconf 87' lang='lat' dir='ltr'>omnes</span> <span class='ocrx_word' id='word_1_183' title='bbox 1018 2854 1291 2924; x_wconf 87' lang='lat' dir='ltr'>Alphabeti</span> <span class='ocrx_word' id='word_1_184' title='bbox 1330 2853 1505 2905; x_wconf 88' lang='lat' dir='ltr'>Latini</span> <span class='ocrx_word' id='word_1_185' title='bbox 1549 2853 1713 2904; x_wconf 87' lang='lat' dir='ltr'>literas</span> <span class='ocrx_word' id='word_1_186' title='bbox 1753 2873 1831 2912; x_wconf 87' lang='lat' dir='ltr'>eo,</span> <span class='ocrx_word' id='word_1_187' title='bbox 1861 2873 1963 2923; x_wconf 93' lang='lat' dir='ltr'>quo</span> <span class='ocrx_word' id='word_1_188' title='bbox 1997 2853 2097 2914; x_wconf 88' lang='lat' dir='ltr'>alii,</span> <span class='ocrx_word' id='word_1_189' title='bbox 2127 2855 2285 2906; x_wconf 87' lang='lat' dir='ltr'>modo</span> 
     </span>
    </p>
   </div>
   <div class='ocr_carea' id='block_1_4' title="bbox 644 2957 2287 3054">
    <p class='ocr_par' dir='ltr' id='par_1_4' title="bbox 644 2957 2287 3054">
     <span class='ocr_line' id='line_1_26' title="bbox 644 2957 2287 3054; baseline -0.001 -42"><span class='ocrx_word' id='word_1_190' title='bbox 644 2960 877 3012; x_wconf 87' lang='lat' dir='ltr'>efferunt.</span> <span class='ocrx_word' id='word_1_191' title='bbox 962 2959 1114 3009; x_wconf 84' lang='lat' dir='ltr'>Hanc</span> <span class='ocrx_word' id='word_1_192' title='bbox 1152 2959 1218 3009; x_wconf 94' lang='lat' dir='ltr'>ob</span> <span class='ocrx_word' id='word_1_193' title='bbox 1257 2959 1460 3009; x_wconf 88' lang='lat' dir='ltr'>causam</span> <span class='ocrx_word' id='word_1_194' title='bbox 1500 2977 1622 3008; x_wconf 89' lang='lat' dir='ltr'>cum</span> <span class='ocrx_word' id='word_1_195' title='bbox 1651 2957 1870 3008; x_wconf 82' lang='lat' dir='ltr'>Arabum</span> <span class='ocrx_word' id='word_1_196' title='bbox 1908 2992 1955 3054; x_wconf 58' lang='grc' dir='ltr'><strong>ἆ</strong></span> <span class='ocrx_word' id='word_1_197' title='bbox 1988 2959 2159 3028; x_wconf 86' lang='lat' dir='ltr'>vulgo,</span> <span class='ocrx_word' id='word_1_198' title='bbox 2190 2977 2287 3010; x_wconf 86' lang='lat' dir='ltr'>nec</span> 
     </span>
    </p>
   </div>
   <div class='ocr_carea' id='block_1_5' title="bbox 647 3061 2288 3132">
    <p class='ocr_par' dir='ltr' id='par_1_5' title="bbox 647 3061 2288 3132">
     <span class='ocr_line' id='line_1_27' title="bbox 647 3061 2288 3132; baseline 0.001 -18"><span class='ocrx_word' id='word_1_199' title='bbox 647 3064 817 3132; x_wconf 88' lang='lat' dir='ltr'>inepte</span> <span class='ocrx_word' id='word_1_200' title='bbox 855 3081 943 3132; x_wconf 91' lang='lat' dir='ltr'>per</span> <span class='ocrx_word' id='word_1_201' title='bbox 979 3061 1207 3113; x_wconf 88' lang='lat' dir='ltr'>Italorum</span> <span class='ocrx_word' id='word_1_202' title='bbox 1228 3062 1290 3131; x_wconf 84' lang='lat' dir='ltr'>gi</span> <span class='ocrx_word' id='word_1_203' title='bbox 1314 3061 1640 3132; x_wconf 85' lang='lat' dir='ltr'>exprimatur,</span> <span class='ocrx_word' id='word_1_204' title='bbox 1670 3072 1722 3112; x_wconf 86' lang='lat' dir='ltr'>et</span> <span class='ocrx_word' id='word_1_205' title='bbox 1739 3081 1780 3131; x_wconf 85' lang='lat' dir='ltr'>g</span> <span class='ocrx_word' id='word_1_206' title='bbox 1807 3062 2025 3132; x_wconf 72' lang='lat' dir='ltr'>Anglim,</span> <span class='ocrx_word' id='word_1_207' title='bbox 2056 3064 2145 3115; x_wconf 89' lang='lat' dir='ltr'>suo</span> <span class='ocrx_word' id='word_1_208' title='bbox 2174 3064 2288 3116; x_wconf 89' lang='lat' dir='ltr'>loco</span> 
     </span>
    </p>
   </div>
  </div>
 </body>
</html>
