2498 3575
393 328 492 381 172

1252 303 1670 348 NOTAE.

635 493 866 563 principe
889 502 1098 542 conatus
1125 489 1136 540 !
1181 489 1258 541 Ita
1284 487 1427 540 brevi
1453 486 1647 538 factum
1675 484 1748 536 est
1775 495 1832 534 ut
1859 502 1952 554 per
1978 494 2151 534 totum
2176 483 2283 533 ori-

636 602 812 641 entem
852 600 903 639 et
938 586 1266 638 occidentem
1306 601 1618 655 quacunque
1658 580 1707 632 se
1747 578 2026 631 diffuderat
2059 576 2284 629 Arabum

636 686 835 756 lingua,
871 696 923 735 et
965 682 1135 754 gladio
1170 682 1273 732 late
1313 690 1595 752 propagata
1630 676 1832 748 religio,
1869 674 2282 728 innotescerentt'

637 794 687 832 at
715 800 873 851 quam
900 798 1004 831 non
1031 778 1314 849 religionis,
1342 788 1420 828 tot
1445 776 1594 846 plane
1621 773 1833 826 ridicula
1859 773 2066 824 credere
2087 772 2285 842 juben-

638 878 722 938 tis,
751 895 847 928 nec
876 876 958 927 vel
997 874 1344 926 obscuriorem
1386 883 1581 923 naturae
1615 870 1792 921 lucem
1823 867 2053 929 ferentis,
2082 868 2285 920 benefi-

637 974 738 1034 ci0,
767 985 907 1043 patet
935 991 1000 1023 ex
1027 971 1114 1022 illa
1143 967 1404 1022 Takiddz‘m'
1433 966 1698 1037 eujusdam
1736 965 1965 1024 censura,
1995 964 2086 1035 qui
2118 963 2281 1035 (refe-

638 1082 783 1121 rente
825 1066 1033 1138 Scjfadzb,
1077 1067 1131 1117 in
1170 1065 1266 1117 suis
1301 1065 1367 1116 ad
1405 1061 1592 1134 ‘Togras'
1630 1065 1823 1114 Po'ema
1865 1061 2281 1132 commentariis)

637 1165 785 1225 dixit,
815 1164 863 1215 F
866 1163 959 1214 ieri
979 1181 1068 1213 non
1086 1160 1209 1232 ροβε)
1234 1160 1348 1232 quin
1375 1161 1515 1212 Deus
1540 1170 1699 1211 certas
1724 1157 1778 1209 de
1804 1157 2103 1210 AlMamone
2119 1169 2289 1229 peenas

618 1261 856 1329 ficmeret,
885 1257 1009 1330 quod
1010 1257 1229 1329 scientiis
1245 1255 1571 1328 plzilosbplzicis
1606 1252 1890 1306 introdztb‘lzk
1920 1253 2284 1306 Molzammeda-

637 1375 804 1407 norum
830 1355 1062 1426 pietatem
1104 1351 1505 1424 interpellaverit.
1575 1353 1755 1422 Qam
1788 1351 1941 1422 ipfius
1977 1350 2287 1404 sententiam

638 1471 742 1504 non
775 1451 1047 1503 mirabitur
1081 1451 1172 1520 qui
1207 1449 1344 1520 apud
1370 1466 1462 1500 nos
1489 1447 1865 1500 homunciones
1899 1447 2138 1499 audmster
2165 1467 2286 1518 pro-

638 1549 933 1599 nuntiantes
954 1547 1229 1607 audiverit,
1251 1545 1502 1616 quicquid
1521 1545 1594 1596 est
1616 1544 1968 1596 humanarum
1994 1544 2285 1606 literarum,

637 1658 791 1715 atque
840 1644 1190 1703 scientiarum,
1233 1643 1507 1693 inimicum
1548 1640 1646 1692 effe
1688 1640 1927 1712 religioni
1968 1653 2020 1692 et
2065 1659 2092 1692 e
2132 1641 2284 1693 rebus

638 1739 857 1811 publicis
886 1738 1184 1790 Christianis
1211 1740 1414 1808 penitus
1443 1737 1735 1789 tollendum
1757 1762 1773 1797 3
1814 1736 2044 1788 sufficere
2075 1738 2284 1789 unicui-

637 1855 739 1907 que
766 1836 1000 1906 linguam
1029 1834 1382 1895 vernaculam,
1412 1847 1463 1886 et
1490 1833 1735 1904 quicquid
1761 1833 2012 1904 temporis
2038 1832 2150 1884 aliis
2178 1834 2283 1886 im-

635 1931 890 2002 penditur,
919 1930 1139 1983 futiliter
1168 1930 1328 2000 perdi.
1395 1931 1602 1982 Mirum
1637 1923 1776 1981 certe
1817 1948 1954 1990 eam,
1981 1947 2096 1999 quae
2133 1947 2283 1981 com·-

637 2027 876 2098 pendiosa
915 2026 1124 2097 Juliczno
1162 2026 1265 2078 visa
1309 2026 1383 2078 est
1423 2026 1485 2077 ad
1527 2025 1835 2096 religionem
1877 2024 2222 2077 Christianam
2254 2044 2282 2077 e

635 2123 811 2174 medio
856 2122 1142 2174 tollendam
1185 2122 1285 2183 via,
1330 2123 1540 2173 unicam
1585 2141 1723 2174 nunc
1768 2121 1866 2173 effe
1914 2122 2022 2191 ejus
2067 2140 2282 2193 promo-

636 2219 815 2271 vendae
841 2220 1110 2270 rationem.
1178 2218 1276 2269 Sed
1315 2230 1372 2269 ut
1410 2237 1473 2270 eo
1510 2218 1646 2269 unde
1673 2217 1876 2288 digreffi
1903 2217 2074 2269 sumus
2103 2236 2280 2269 rever-

636 2328 807 2366 tamur
828 2340 844 2376 3
877 2314 1171 2366 foventibus
1198 2313 1332 2384 apud
1357 2312 1551 2365 Arabes
1577 2313 1892 2374 AlMamone,
1921 2325 1974 2364 et
2000 2312 2088 2384 qui
2113 2313 2204 2384 ipfi
2229 2312 2284 2364 in

637 2410 856 2481 imperio
901 2410 1255 2470 succederent,
1297 2408 1459 2461 bonas
1504 2409 1695 2470 literas,
1744 2428 1806 2461 eo
1859 2409 2018 2479 usque
2070 2408 2284 2461 tandem

644 2506 826 2576 (verba
852 2505 967 2556 sunt
993 2505 1179 2576 Magni
1206 2504 1407 2574 Savz‘lii)
1441 2505 1606 2557 studio
1634 2518 1685 2556 et
1712 2506 1924 2577 ingenio
1950 2503 2286 2576 profecerunt

637 2613 693 2651 ut
720 2602 808 2651 vix
834 2601 950 2671 ipfis
982 2600 1174 2651 Graecis
1206 2601 1390 2652 cedere
1424 2602 1712 2653 videantur.
1794 2602 2053 2653 Homines
2091 2600 2286 2651 scilicet

635 2697 871 2747 acumine
907 2709 959 2747 et
995 2697 1264 2767 diligentia
1299 2697 1592 2766 praestantes
1629 2696 1761 2748 nihil
1789 2698 1841 2747 in
1869 2696 1977 2748 ullo
2013 2696 2283 2747 literarum

636 2810 825 2862 genere
854 2792 1104 2843 intactum
1132 2793 1472 2863 reliquerunt.
1547 2792 1701 2845 Nihil
1727 2791 1910 2844 habuit
1939 2791 2142 2842 Graecia
2167 2793 2282 2843 exi-

635 2888 820 2947 mium,
851 2888 989 2958 quod
1015 2906 1119 2938 non
1147 2888 1294 2939 suum
1320 2887 1540 2941 fecerint
1564 2914 1580 2950 ;
1620 2889 1683 2940 de
1719 2888 1828 2949 suo,
1857 2907 1974 2958 quae
1999 2906 2104 2938 non
2131 2905 2280 2938 acce-

635 2995 830 3052 perant,
860 2984 1024 3034 multa
1051 3002 1155 3034 non
1184 2985 1355 3036 minus
1385 2985 1574 3036 eximia
1600 2985 1945 3055 protulerunt.
2012 2982 2280 3053 Langues-

635 3096 749 3129 cere
785 3078 874 3130 sub
910 3079 1138 3131 barbaris
1170 3076 1446 3131 ‘furcarum
1482 3082 1635 3133 armis
1671 3099 1870 3150 coepere
1899 3079 2116 3130 demum
2142 3079 2280 3148 apud
