2498 3575
682 292 782 333 AD
826 290 1274 332 LECTOREM.

147 507 476 576 respondeat;
525 505 646 576 quia
690 516 870 556 tamen
910 524 1015 556 non
1057 503 1128 554 est
1170 522 1227 554 ea
1267 503 1499 554 constans
1541 504 1675 573 apud
1713 523 1804 554 nos

147 610 284 662 istius
319 610 481 662 literae
510 610 677 670 sonus,
709 610 836 661 adeo
862 621 923 660 ut
954 608 1066 660 viris
1103 628 1206 660 non
1243 607 1457 659 indoctis
1488 608 1662 660 erroris
1693 609 1804 660 haec

144 715 416 785 aliquando
445 716 591 768 causa
620 715 790 775 fuerit,
816 714 975 765 malui
1007 714 1154 765 istam
1185 713 1407 783 ipsorum
1440 713 1639 763 literam
1672 712 1808 783 perj

144 822 439 882 consonam,
468 822 606 892 quod
637 832 886 891 perpetuo
908 821 1092 871 sonum
1117 819 1270 870 istum
1294 820 1428 889 apud
1459 818 1651 870 nostros
1681 819 1800 869 reti-

144 939 250 988 net,
274 926 573 996 exprimere,
598 926 832 997 quamvis
855 937 908 977 et
930 924 1142 977 nomine
1167 937 1219 975 et
1241 935 1422 975 natura
1449 925 1510 974 ad
1530 943 1570 993 g
1599 923 1803 994 propius

142 1034 382 1084 accedere
411 1032 659 1083 videatur.
731 1032 891 1088 Quod
929 1030 964 1082 fi
1005 1030 1189 1081 alicubi
1221 1050 1248 1080 a
1279 1030 1392 1080 viris
1422 1030 1604 1080 harum
1632 1029 1801 1080 litera-

144 1158 260 1189 rum
302 1137 626 1208 peritissimis,
665 1156 888 1207 quorum
929 1136 1123 1187 famam
1166 1134 1418 1204 integram
1461 1136 1592 1194 volo,
1634 1134 1686 1186 in
1727 1135 1801 1185 di—

143 1244 364 1303 versum,
415 1255 630 1314 cogente
684 1262 816 1301 vero,
869 1240 1101 1300 abierim,
1156 1260 1216 1292 eo
1267 1260 1350 1291 me
1401 1242 1619 1291 candore
1677 1240 1802 1291 illud

146 1348 420 1420 praestitiffe
453 1350 610 1419 spero,
644 1347 731 1418 qui
773 1347 999 1399 eundem
1040 1346 1168 1397 mihi
1210 1347 1272 1397 ab
1313 1345 1417 1396 aliis
1453 1344 1669 1396 viciflim
1701 1344 1800 1396 im-

144 1465 330 1524 petret,
368 1475 397 1505 a
436 1454 620 1524 quibus
661 1452 847 1512 doceri,
884 1464 937 1503 et
971 1450 1138 1503 amice
1179 1450 1376 1502 moneri
1418 1449 1651 1501 beneficii
1689 1451 1804 1501 loco

145 1562 353 1612 duxero.
422 1560 586 1611 Utere
616 1558 826 1610 interim
857 1557 975 1617 istis,
1008 1558 1071 1608 ad
1101 1558 1292 1629 majora
1322 1556 1415 1607 tibi
1446 1556 1609 1607 forsan
1637 1555 1801 1607 admi-

145 1665 319 1718 niculo
362 1665 562 1726 futuris,
598 1684 715 1736 quae
755 1663 1023 1723 affecutus,
1063 1662 1207 1713 nobis
1250 1660 1408 1713 etiam
1449 1660 1697 1732 impertiri
1739 1680 1803 1712 ne

145 1772 374 1842 graveris.
418 1772 549 1823 Sunt
580 1770 720 1822 enim
752 1768 1018 1829 Arabibus,
1051 1767 1103 1819 in
1131 1767 1275 1819 omni
1306 1767 1568 1819 literarum
1601 1786 1802 1837 genere,

146 1897 284 1949 gazae
324 1877 560 1929 nondum
599 1876 822 1935 reclusae,
864 1874 1050 1945 quibus
1090 1872 1324 1925 eruendis
1365 1892 1583 1923 manum
1623 1873 1802 1923 admo-

149 2003 280 2043 vere,
311 2003 413 2053 quo
454 1982 628 2033 minus
668 1981 799 2032 infra
825 1979 1108 2031 studiorum
1141 1990 1352 2029 tuorum
1381 1978 1684 2048 gravitatem
1717 1997 1802 2028 ex-

146 2090 351 2149 istimes,
383 2089 535 2139 habes
575 2087 769 2157 ubique
804 2085 908 2137 fere
946 2084 1184 2154 gentium
1214 2083 1545 2135 nobiliffimos
1575 2082 1720 2144 viros,
1755 2095 1805 2134 et

143 2195 350 2247 consilio
380 2206 432 2245 et
469 2193 706 2262 exemplo
746 2202 1049 2262 praeeuntes,
1086 2208 1213 2259 quos
1253 2189 1402 2249 inter,
1441 2188 1628 2259 primas
1668 2190 1804 2280 apud

144 2301 336 2352 nostros
372 2311 514 2351 tenet
558 2297 916 2349 Nobiliffimus
955 2308 1007 2347 et
1049 2294 1386 2347 Dociiflimus
1425 2293 1521 2344 Vir
1548 2291 1746 2367 jhs-&³⁸
1773 2302 1801 2330 *Ξ

155 2404 356 2462 ,ese-'s
405 2399 587 2454 atam!
547 2432 621 2484 j
672 2399 749 2469 a)
752 2399 868 2452 „jjdl
922 2397 1044 2468 ΔΜ
1095 2400 1417 2469 ]οΗΑΝΝΕ5
1469 2401 1801 2460 SELDENUS,

143 2511 226 2562 cui
266 2508 445 2562 multis
488 2528 570 2560 me
613 2507 910 2559 nominibus
948 2525 1049 2577 qua
1089 2504 1321 2576 publicis,
1353 2525 1453 2575 qua
1484 2504 1686 2575 privatis
1714 2506 1801 2556 de-

142 2615 379 2667 vinctum
422 2615 678 2686 profiteor,
720 2631 956 2682 meaeque
998 2631 1112 2682 erga
1164 2610 1330 2681 ipsum
1381 2609 1713 2662 observantiae
1753 2622 1804 2661 et

143 2720 468 2792 gratitudinis
517 2721 616 2771 hoc
670 2719 1021 2789 quodcunque
1072 2716 1144 2768 est
1189 2716 1371 2786 opellae
1422 2715 1656 2767 tesseram
1709 2715 1803 2767 effe

144 2828 276 2878 volo.

1875 2291 2023 2327 *decus
2045 2305 2107 2327 ex-

1843 2346 2059 2382 cellentiurn

1842 2409 1876 2436 et
1908 2400 2119 2450 praecipuus

1845 2455 1933 2490 unio
1955 2454 2104 2490 monilis

1844 2521 1985 2546 eorum.
