2498 3575
1237 323 1749 367 EXCERPTA

668 524 697 556 a
723 505 935 572 reliquis
961 503 1215 574 segregati
1242 504 1344 554 sese
1367 505 1417 553 in
1443 503 1649 554 caulam
1671 501 1957 569 quamdam
1983 506 2316 567 receperant;

667 601 846 667 ibique
874 598 1062 649 manfit
1098 598 1324 648 Houdus
1350 597 1514 666 usque
1540 597 1667 646 dum
1696 603 2022 646 moreretur:
2066 593 2215 663 cujus
2241 591 2319 643 se-

666 694 950 762 pulchrum
990 693 1046 744 in
1087 692 1519 744 Hadramautena
1558 690 1828 759 provincia
1866 690 1956 750 est,
1993 688 2094 747 vel,
2134 696 2197 739 ut
2234 685 2322 738 alii

664 789 964 857 perhibent,
1000 788 1053 837 in
1095 787 1241 856 septo
1275 787 1462 854 templi
1495 784 1757 836 Meccani.
1839 782 1987 834 Inter
2018 783 2205 834 Aditas
2242 781 2323 832 vir

666 884 880 952 quidam
926 882 1074 933 fuiffe
1114 882 1323 942 dicitur,
1366 880 1674 931 Lokmanus
1714 878 1952 938 nomine,
1988 877 2076 928 sed
2113 895 2144 927 a
2176 875 2320 926 Lok-

668 995 827 1028 mano
872 977 962 1027 illo
1008 976 1238 1027 diversus
1277 976 1370 1044 qui
1410 974 1671 1044 Sapientis
1716 972 2068 1048 appellatione
2107 970 2320 1042 gaudet,

667 1070 989 1139 Davidisque
1013 1051 1289 1138 prophetae
1313 1087 1526 1120 coaevus
1552 1068 1668 1119 fuit.
1726 1067 1905 1118 Aditae
1933 1066 2204 1127 nimirum,
2226 1083 2323 1116 an-

668 1175 884 1234 tequam
924 1182 1014 1216 eos
1048 1165 1245 1215 deleret
1278 1163 1445 1231 Deus,
1482 1163 1712 1229 ficcitahte
1745 1171 1799 1212 et
1837 1179 2066 1213 annonae
2105 1159 2326 1229 penuria
2349 1141 2370 1145 ψ’

667 1259 846 1310 affliffi
879 1259 1106 1319 fuerant,
1141 1258 1504 1326 quosdamque
1536 1276 1601 1308 ex
1639 1257 1740 1307 suis
1778 1255 2024 1307 Meecam
2058 1255 2324 1316 miserant,

669 1355 760 1422 qui
791 1354 928 1404 votis
961 1354 1279 1422 nuncupatis
1313 1353 1539 1403 imbrem
1578 1352 1683 1402 suae
1721 1360 1873 1402 terrae
1909 1359 2220 1402 exorarent:
2261 1367 2326 1401 ex

670 1450 862 1499 horum
883 1448 1179 1518 legatorum
1204 1465 1428 1498 numero
1455 1446 1555 1497 fuit
1578 1445 1882 1496 Lokmanus
1906 1445 1992 1495 ille
2013 1428 2179 1513 quemv
2196 1443 2325 1495 dici-

670 1561 788 1593 mus
810 1564 820 1593 ε
863 1560 1028 1610 quum
1056 1541 1320 1610 periifl'ent
1347 1542 1507 1611 igitur
1528 1541 1724 1601 Aditae,
1747 1539 1993 1590 remanfit
2019 1539 2325 1590 Lokmanus

672 1638 726 1687 in
763 1638 968 1688 ambitu
1003 1638 1149 1705 adyti
1184 1635 1449 1696 Meccani,
1484 1653 1608 1687 eum
1649 1636 1826 1704 itaque
1865 1635 2124 1685 allocutus
2158 1632 2323 1695 Deus,

672 1732 753 1782 his
792 1732 964 1782 verbis
1005 1731 1379 1799 compellavit:
1426 1730 1596 1800 Elige,
1630 1729 1924 1790 Lokmane,
1961 1747 2058 1779 nec
2091 1729 2236 1779 enim
2268 1729 2325 1779 in

673 1835 933 1877 aeternum
959 1826 1139 1876 vivere
1167 1825 1306 1876 licet.
1384 1824 1474 1875 Ad
1499 1842 1659 1893 quem
1686 1823 1994 1874 Lokmanus
2018 1845 2029 1875 ε
2070 1822 2324 1884 Domine,

673 1921 737 1970 da
766 1920 896 1970 mihi
922 1920 1085 1970 vitam
1114 1919 1313 1988 septem
1340 1919 1630 1970 vulturum.
1698 1917 1839 1988 [Deo
1865 1917 2154 1988 annuente]
2186 1917 2327 1987 cepit

671 2014 877 2083 pullum
917 2015 1141 2064 vulturis
1185 2013 1477 2064 masculum
1521 2031 1583 2064 ea
1620 2013 1728 2081 ipsa
1763 2014 1893 2064 hora
1927 2031 2093 2081 quum
2127 2031 2193 2064 ex
2224 2031 2326 2063 ovo

663 2109 937 2177 ‘prodirem
988 2109 1078 2177 qui
1112 2109 1205 2159 ubi
1239 2116 1348 2159 erat
1384 2116 1644 2169 mortuus,
1677 2108 1839 2159 alium
1879 2108 2114 2159 similiter
2146 2108 2201 2158 in
2234 2108 2326 2159 de-

674 2203 870 2254 mortui
909 2204 1088 2255 locum
1130 2203 1403 2272 capiebat:
1444 2204 1694 2254 vivebant
1730 2212 1908 2254 autem
1950 2203 2140 2273 singuli
2177 2203 2325 2254 οὸὶο-

660 2298 822 2367 ginta
862 2316 1047 2349 annos.
1126 2297 1207 2348 Ex
1252 2299 1334 2348 his
1376 2297 1628 2367 septimus
1665 2295 1856 2349 Lobad
1890 2298 2179 2359 dicebatur,
2220 2316 2326 2366 quo

674 2393 954 2453 moriente,
978 2392 1192 2443 fatalem
1215 2411 1428 2461 quoque
1455 2393 1593 2443 diem
1621 2393 1804 2443 obibat
1829 2392 2152 2444 Lokmanus..
2193 2391 2328 2450 Haec

666 2488 791 2537 ’ideo
831 2487 1124 2546 retulimus,
1153 2488 1275 2555 quia
1313 2487 1452 2551 inter
1488 2487 1751 2548 homineS,
1779 2496 1831 2538 et
1857 2487 1914 2538 in
1938 2486 2179 2538 Arabum
2213 2505 2325 2538 car-

675 2582 906 2633 minibus
932 2581 1179 2649 frequens
1205 2582 1277 2632 est
1303 2582 1377 2633 rei
1403 2581 1543 2632 istius
1573 2581 1846 2632 memoria.

748 2676 909 2726 Nune
957 2677 1021 2726 de
1066 2676 1255 2726 Saleho
1301 2676 1606 2736 dicendum,
1654 2693 1814 2744 quem
1864 2676 1931 2727 ad
1978 2675 2327 2727 Thamuditas

678 2770 813 2820 mifit
855 2770 1002 2821 Deus
1045 2770 1109 2822 O.
1143 2770 1222 2821 Μ.
1268 2771 1417 2840 cujus
1459 2771 1532 2821 ita
1575 2771 1625 2820 se
1667 2771 1830 2820 habet
1869 2769 2122 2838 prosapia.
2201 2769 2329 2822 Erat

679 2882 872 2933 nempe
913 2865 1129 2915 Salehus
1169 2865 1308 2915 filius
1342 2864 1554 2921 Oba‘i'di,
1592 2864 1686 2914 filii
1719 2864 1881 2925 Asafi,
1917 2864 2011 2915 filii
2052 2863 2327 2934 Mastladji,

680 2960 772 3009 filii
805 2959 1016 3018 Oba'idi,
1058 2959 1151 3009 filii
1187 2958 1421 3028 Djaderi,
1462 2959 1556 3009 filii
1593 2958 1879 3009 Thamudi.
1959 2957 2217 3010 Hortatus
2256 2960 2329 3010 est

679 3054 855 3122 itaque
883 3053 1100 3104 Salehus
1125 3053 1570 3104 Thamuditarum
1596 3061 1833 3123 gentem,
1861 3061 1939 3114 ut,
1966 3053 2156 3123 rejecta
2180 3052 2327 3105 Deo-
