2498 3575
421 267 504 319 De
528 266 754 319 Arabum
779 267 1003 320 Moribus
1019 269 1118 340 post
1143 271 1529 325 Mohammedem.

154 464 271 517 Deo
299 469 386 539 jus
417 468 512 522 effe
550 469 603 519 in
639 480 888 519 creaturas
917 469 1042 529 suas,
1084 469 1327 540 quicquid
1356 470 1479 520 velit
1509 471 1562 521 in
1591 471 1683 522 illis
1714 471 1786 521 fa-

152 560 335 621 ciendi,
377 562 448 613 ita
476 573 536 613 ut
565 582 721 613 nemo
751 564 812 613 ab
842 582 901 614 eo
931 582 1153 632 quaerere
1184 564 1366 614 debeat
1401 582 1490 613 cur
1519 564 1617 613 hoe
1652 565 1785 614 feee-

151 653 215 705 rit
227 675 238 713 ;
276 657 414 725 quod
441 656 477 706 s1
507 676 685 707 omnes
711 656 814 707 fine
844 656 1130 707 discrimine
1160 657 1394 707 homines
1424 656 1476 706 in
1507 657 1787 726 paradisum

149 747 460 808 admitteret,
502 751 697 800 nullam
729 750 812 800 hic
850 750 955 801 fore
992 750 1310 822 injustitiam,
1352 762 1442 801 aut
1469 750 1504 800 si
1535 750 1586 800 in
1617 751 1786 819 ignem

149 861 327 893 omnes
364 842 608 915 injiceret,
650 845 847 895 nullam
886 845 969 894 hic
1007 845 1112 895 fore
1141 844 1397 917 injuriam,
1440 845 1523 894 sed
1552 844 1787 894 futurum

148 934 313 1005 ipsum
348 936 401 988 in
435 937 673 989 omnibus
704 937 803 988 istis
832 938 1050 1010 justum.
1121 937 1386 1006 Justitiam
1414 937 1663 1007 siquidem
1693 937 1790 988 esse

149 1047 272 1080 cum
301 1040 363 1080 ut
391 1029 556 1082 visum
587 1031 658 1082 est
686 1043 860 1082 utatur
889 1031 980 1101 qui
1006 1033 1093 1103 jus
1128 1033 1298 1092 habet,
1341 1031 1427 1083 illo
1457 1031 1510 1082 in
1538 1033 1675 1101 quod
1702 1034 1789 1104 jus

149 1123 316 1175 habet.

222 1218 347 1286 Jam
385 1219 522 1288 quod
564 1220 626 1270 ad
668 1219 896 1290 Morgios,
938 1219 1156 1271 afferunt
1201 1219 1272 1270 illi
1311 1220 1497 1271 differri
1526 1219 1786 1292 judicium

148 1312 363 1382 cujusvis
406 1311 687 1382 Mzssemim',
729 1314 817 1383 qui
858 1326 1129 1384 peceatum
1168 1313 1372 1383 aliquod
1411 1316 1599 1383 grande
1641 1333 1786 1365 com-

146 1405 354 1466 miserit,
394 1407 553 1476 usque
601 1408 664 1458 ad
720 1408 1136 1459 resurreetionem
1194 1419 1555 1467 mortuorum3
1599 1407 1789 1458 scilicet

145 1519 250 1552 non
278 1500 414 1571 prius
443 1512 685 1552 vocatum
714 1501 771 1552 iri
801 1501 950 1554 illum
982 1501 1034 1552 in
1063 1501 1431 1571 quaestiorien];
1475 1520 1643 1570 neque
1673 1501 1784 1551 sen-

144 1594 365 1646 tentiam
395 1595 456 1646 de
487 1614 546 1647 eo
576 1595 628 1647 in
657 1596 756 1647 hoc
777 1596 945 1647 seculo
974 1595 1162 1656 ferunt,
1185 1595 1284 1646 sive
1314 1594 1656 1654 absolutionis,
1685 1595 1785 1645 sive

145 1689 600 1742 condemnationis.
670 1690 872 1742 Dicunt
913 1691 1114 1761 insuper
1152 1710 1257 1741 non
1302 1708 1484 1740 nocere
1524 1708 1647 1739 eum
1685 1689 1783 1739 fide

144 1785 484 1855 impietatem,
505 1786 584 1837 uti
608 1805 775 1856 neque
801 1784 1024 1856 prodeffe
1045 1804 1167 1835 cum
1198 1783 1496 1835 infidelitate
1518 1782 1780 1852 pietatem.

143 1879 349 1950 Morgiis
394 1881 578 1932 adversi
624 1881 743 1932 sunt
779 1878 1047 1938 AlWaidii,
1089 1879 1177 1949 qui
1234 1899 1323 1949 pro
1362 1877 1478 1928 fidei
1536 1877 1785 1928 desertore

145 1974 335 2025 habent
368 1973 518 2025 illurn
558 1974 644 2044 qui
683 1986 955 2044 peecatum
991 1973 1195 2043 aliquod
1231 1973 1420 2042 grande
1454 1970 1783 2031 commiserit,

143 2068 414 2139 ipsumque
452 2081 698 2139 perpetuo
736 2069 789 2120 in
830 2069 1063 2138 gehenna
1099 2067 1414 2126 mansurum,
1457 2065 1578 2116 licet
1611 2084 1785 2116 veram

143 2163 479 2232 ampleetatur
507 2163 663 2213 fidem
689 2182 700 2212 ε
743 2163 973 2213 futuram
1003 2174 1180 2212 tamen
1208 2180 1419 2231 poenam
1451 2159 1598 2229 ipsius
1628 2159 1783 2210 levio-

142 2275 270 2317 rem,
311 2277 469 2327 quam
507 2256 809 2308 infidelium.
877 2255 1030 2306 Porro
1060 2254 1239 2305 AlShii
1275 2253 1488 2324 (scilicet
1518 2251 1628 2302 Alis
1665 2253 1782 2302 See-
1831 2270 1922 2309 Shii,

143 2348 352 2418 tatores)
395 2349 467 2400 illi
503 2351 620 2400 sunt
657 2349 744 2419 qui
785 2350 834 2400 se
872 2349 966 2400 Ali
995 2348 1100 2399 filio
1140 2347 1247 2399 Abi
1285 2343 1426 2398 Taleb
1463 2346 1782 2406 addixerunt,

143 2444 413 2514 ipsumque
440 2443 493 2495 in
521 2443 775 2494 Antistitis
804 2462 1019 2494 munere
1049 2442 1314 2512 Prophetae
1344 2439 1618 2491 successisse
1655 2439 1781 2490 affe-

142 2550 280 2599 runt,
322 2557 417 2589 nee
447 2557 637 2588 munus
669 2537 794 2588 illud
824 2537 929 2588 aliis
960 2548 1301 2606 praeterquam
1333 2534 1478 2604 ipsius
1509 2533 1780 2604 progeniei,

143 2631 233 2683 nisi
269 2631 466 2704 injuria,
509 2630 725 2682 deferri:
768 2631 822 2681 in
858 2632 956 2681 hoc
990 2649 1168 2681 omnes
1198 2628 1499 2698 conspirant,
1541 2628 1679 2697 quod
1708 2628 1781 2677 as-

142 2727 308 2778 serant
337 2727 518 2777 debere
549 2724 817 2776 neceffario
846 2724 1110 2785 antistites,
1152 2723 1387 2774 cohibere
1413 2722 1462 2772 se
1493 2741 1520 2772 a
1547 2720 1780 2790 peccatis,

141 2831 258 2872 tum
287 2819 651 2891 grandioribus,
683 2831 798 2870 tum
827 2818 1095 2870 levioribus
1119 2838 1129 2877 ;
1174 2816 1372 2887 efi'eque
1401 2814 1633 2865 antistitis
1663 2833 1781 2865 mu-

142 2933 237 2965 nus
275 2934 435 2965 unam
466 2933 493 2964 e
522 2913 776 2964 columnis
815 2912 951 2973 fidei,
992 2914 1133 2983 cujus
1166 2922 1256 2962 aut
1285 2909 1633 2979 negligentem
1669 2907 1781 2967 effe,

143 3018 234 3059 aut
285 3007 413 3059 illud
457 3008 611 3078 vulgo
656 3005 967 3078 permittere,
1016 3026 1121 3058 non
1176 3004 1448 3057 conveniat
1501 3004 1778 3073 prophetae.
