2498 3575
1201 337 1642 380 PRAEFATIO

609 573 710 630 υς
752 577 876 647 ἑὲ.)
921 559 1052 634 35)ae
1092 555 1216 603 κλλῼ
1257 547 1330 601 ΔΞ,
1376 546 1531 631 ὦῶ)
1589 544 1852 623 (ἴκμργλλμῌ
1896 543 2097 613 ,Ma-,5
2144 578 2247 622 &⁶⁰

324 671 347 691 *
370 670 447 719 Sst.
607 654 861 737 Ligjwffaj!
906 654 1098 709 okixsl
1129 657 1324 707 Autlzor
1351 654 1463 706 libri
1488 654 1545 724 est
1574 653 1905 726 Abu’l-Faraj
1937 653 2054 704 Ebn
2083 660 2111 690 ἢ*
2132 651 2247 703 Ho—

291 725 563 836 ιῗὲᾱῑξῐ][ι.ζ;νὶ-
606 735 758 823 eima,
803 761 883 814 vir
927 761 1088 813 multae
1130 760 1349 819 leblionis,
1396 760 1634 833 variisque
1655 757 1873 832 scientiis
1916 757 2165 829 iifirubtz'ts
2205 768 2251 808 et

290 846 374 870 mm·
391 832 513 869 ww·
598 870 788 938 penitus
823 867 1041 925 imbutus,
1066 865 1303 934 praecipue
1341 876 1497 914 autem
1531 864 1769 914 medicina>
1800 863 1958 932 gloria
1976 862 2136 934 seculo
2156 861 2251 934 stco

608 974 777 1031 clarus,
811 973 921 1022 adeo
952 983 1006 1021 ut
1033 972 1101 1021 ad
1119 988 1218 1020 eum
1247 988 1270 1018 e
1287 968 1448 1038 plagis
1476 967 1833 1018 occidentalibus
1842 966 2116 1037 frequentes
2141 985 2248 1016 con-

609 1079 862 1130 tenderent.
943 1074 1235 1143 Christianus
1267 1084 1383 1132 erat,
1416 1092 1446 1122 a
1475 1091 1560 1143 quo
1591 1084 1746 1123 tamen
1775 1071 2044 1125 didicerunt,
2066 1069 2204 1122 multi
2231 1089 2254 1120 e

611 1180 939 1248 Rfftgstemorum
971 1178 1130 1229 eximie
1158 1177 1318 1228 doetis.
1388 1177 1568 1227 Ferunt
1593 1176 1739 1249 ipsttm
1767 1176 1904 1227 morti
1922 1175 2253 1245 propinquum,

609 1308 640 1337 a
649 1287 758 1355 fide
785 1284 1055 1352 Chrssiana
1085 1282 1329 1355 descivgffi’.
1387 1281 1519 1332 Haec
1549 1280 1657 1339 ille;
1691 1298 1846 1350 quem
1879 1299 1984 1331 non
2010 1279 2162 1330 aliam
2189 1278 2255 1330 ob

612 1390 813 1442 causam
856 1387 1188 1457 suspicionem
1230 1386 1378 1445 hanc,
1406 1384 1543 1456 quasl
1582 1405 1610 1435 a
1647 1384 1748 1435 fide
1788 1383 2073 1435 Christiana
2114 1383 2254 1435 defe-

613 1495 752 1547 ciffet
780 1493 862 1545 hic
893 1492 1073 1550 noster,
1102 1489 1319 1562 injecisse
1356 1501 1497 1561 puto,
1527 1509 1685 1560 quam
1723 1491 1862 1560 quod
1900 1500 2098 1540 tantam
2137 1507 2253 1540 eru-

614 1599 863 1651 ditionem
884 1595 1177 1648 Christianis
1198 1594 1462 1646 invideret.
1508 1594 1558 1645 Si
1587 1594 1725 1645 enim
1756 1593 2036 1664 apostatam
2065 1592 2255 1664 egiffet,

614 1721 942 1773 nequaquam
986 1711 1131 1752 tanto
1176 1718 1298 1751 eum
1341 1700 1552 1759 honore,
1590 1699 1672 1750 sed
1712 1697 2049 1750 anathematis
2088 1696 2257 1767 potius

616 1821 667 1860 et
694 1808 809 1859 diris
837 1805 1087 1877 prosecuti
1118 1803 1322 1855 fuiffent
1354 1806 1460 1877 ejus
1488 1802 1731 1873 temporis
1762 1801 2049 1854 Christiani.
2095 1803 2257 1874 Cujus

616 1926 791 1964 autern
830 1911 961 1962 inter
1000 1909 1310 1961 Christianos
1350 1908 1496 1960 se&ae
1532 1907 1700 1967 fuerit,
1733 1919 1784 1958 et
1811 1908 1924 1979 jam
1965 1906 2255 1966 didicimus,

616 2017 844 2087 Jacobita
866 2015 1070 2075 scilicet,
1094 2026 1155 2065 ut
1185 2014 1413 2084 perhibet
1443 2013 1697 2083 exemplar
1726 2032 1754 2062 a
1778 2011 2064 2063 Christiano
2087 2030 2256 2062 exara-

617 2134 749 2180 tum,
775 2120 858 2172 cui
887 2119 1054 2190 potius
1082 2119 1239 2169 fidem
1267 2118 1530 2178 habemus,
1561 2136 1718 2187 quam
1746 2117 1896 2167 doeto
1923 2115 2129 2167 cuidam
2157 2115 2257 2184 Ju-

618 2228 744 2286 daeo,
769 2225 855 2296 qui
885 2243 1006 2275 eum
1037 2234 1182 2274 vocat
1212 2220 1394 2274 Ebno’l
1414 2224 1546 2295 Kqffi
1575 2220 1892 2290 Christianum
1914 2219 2259 2294 Malatierfim‚

598 2331 737 2403 fieta
783 2328 1075 2380 Melchitam.
1159 2327 1282 2382 Quo
1327 2338 1558 2395 tempore
1605 2324 1849 2384 floruerit,
1901 2344 2005 2375 non
2056 2324 2259 2375 aliunde

620 2433 803 2485 certius
833 2432 1088 2491 discimus,
1119 2450 1277 2502 quam
1306 2449 1372 2481 vex
1409 2429 1557 2500 ipsius
1587 2428 1766 2489 verbis,
1798 2428 1980 2498 quibus
2015 2429 2064 2480 se
2102 2428 2257 2480 histo-

310 2567 438 2628 ffiu).
463 2565 509 2616 ἐς
531 2557 555 2601 †
622 2539 744 2589 riam
783 2538 914 2588 hanc
948 2536 1106 2606 usque
1143 2533 1250 2586 †ad
1287 2546 1522 2604 tempora
1560 2532 1647 2584 sua
1683 2532 1962 2603 perduxisse
1999 2533 2258 2584 testatura.

466 2620 487 2628 ..
622 2641 817 2694 Floruit
843 2660 960 2711 ergo
988 2660 1090 2710 quo
1121 2651 1351 2708 tempore
1386 2637 1562 2689 Tatari
1584 2637 1780 2706 Meguli
1802 2635 2183 2708 Mefhpotamiam
2210 2648 2262 2687 et

624 2747 809 2815 Syriam
837 2745 1176 2815 pervaserunt,
1206 2761 1421 2813 quorum
1452 2760 1526 2792 res
1551 2740 1709 2811 gestas
1738 2740 1888 2790 tradit
1920 2759 1948 2790 a
1975 2739 2263 2813 Jingsshan

629 2850 740 2922 (qui
769 2849 932 2901 occiso
963 2848 1260 2917 Ung-Clzan,
1285 2866 1344 2897 eo
1374 2844 1462 2915 qui
1493 2845 1653 2925 [2253
1685 2833 1839 2900 Q
1865 2845 1972 2895 Rex
2006 2844 2260 2904 Yulzanna,

682 3038 697 3055 ³
724 3032 821 3069 Vide
851 3031 1005 3068 omnino
1034 3030 1163 3066 Vitam
1195 3027 1308 3065 Abu’l
1342 3026 1504 3077 Faragii,
1535 3025 1633 3076 apud
1664 3022 1852 3062 Affeman.
1881 3023 1977 3061 Bibl.
2013 3021 2080 3061 Or.
2109 3028 2201 3061 tom.
2222 3023 2263 3062 ii.

631 3118 668 3153 p.
692 3115 768 3151 244
792 3108 828 3139 et
849 3101 920 3151 seq.
977 3100 1042 3136 W.
