2498 3575
648 286 756 326 EX
815 286 1354 329 ABULFEDA.

172 455 413 509 Dahesus
455 458 574 510 satis
615 460 776 529 longo
813 460 1104 522 intervallo,
1138 463 1380 512 omnium
1412 463 1574 512 oculis
1615 464 1667 513 in
1702 482 1822 513 eum

172 554 354 604 defixis
378 575 388 604 ε
430 564 483 604 at
523 553 789 606 Hodhaifa
818 556 871 606 in
899 557 981 606 via
1007 575 1264 625 equorum
1295 557 1546 624 quosdam
1583 558 1826 607 homines

171 647 226 697 in
254 647 446 699 infidiis
474 648 811 717 disposuerat,
838 651 927 718 qui
967 650 1177 701 Dahcso
1217 661 1570 711 occurrerent,
1598 669 1826 719 eumque

168 743 498 811 repellerent,
528 744 564 793 s1
590 744 726 796 forte
753 755 969 796 caeteros
992 746 1347 814 praevertifl'et.
1429 745 1638 796 Daheso
1668 747 1826 815 igitur

166 837 362 887 adversi
391 849 733 890 occurrerunt
762 840 838 890 isti
866 840 1127 900 homines,
1151 858 1379 908 eumque
1408 841 1460 890 in
1490 840 1676 890 faciem
1706 860 1822 909 per-

166 932 454 984 cufferunt:
485 953 592 1002 quo
616 945 753 985 retro
777 935 999 1004 repulso,
1022 935 1227 986 Gabraa
1252 934 1563 985 Kliattararn
1593 946 1643 985 et
1674 935 1822 986 Han—

166 1026 306 1077 faam
334 1030 606 1096 praeceffit.
687 1028 956 1081 Hodhaifa
983 1040 1160 1080 tamen
1191 1031 1304 1080 ha‘c
1338 1032 1408 1080 ita
1434 1030 1484 1080 se
1512 1031 1704 1080 habere
1732 1032 1820 1080 de-

167 1139 382 1192 negans,
415 1124 663 1193 jumenta
704 1125 794 1175 sua
833 1125 984 1175 cursu
1024 1125 1197 1176 vicifl'e
1237 1126 1627 1176 contendebat:
1681 1127 1822 1176 unde

164 1227 278 1268 orta
304 1218 376 1269 est
402 1218 463 1269 lis
491 1220 629 1269 inter
655 1220 790 1270 filios
818 1219 973 1270 Bedri
1001 1230 1054 1271 et
1081 1219 1220 1270 Kaisl
1260 1221 1410 1270 filios.
1489 1219 1822 1271 Diffidebant

120 1346 126 1415 ι
152 1313 268 1382 jam
296 1322 451 1364 antea
480 1314 642 1365 Rebia
672 1314 820 1365 Ziadi
848 1315 985 1366 filius
1007 1324 1059 1366 et
1091 1314 1292 1376 Kaisus,
1323 1317 1390 1365 ob
1419 1315 1666 1383 quasdam
1695 1316 1820 1366 lori-

122 1454 123 1458 ,
164 1426 267 1469 cas,
296 1427 425 1476 quas
455 1410 504 1459 vi
538 1410 818 1460 abstulerat
856 1429 886 1460 a
927 1409 1082 1460 Kaiso
1112 1410 1305 1469 Rebia;
1350 1412 1552 1478 hacque
1580 1412 1643 1461 de
1671 1411 1821 1462 causa

120 1466 125 1534 l
164 1503 342 1554 Rebiae
369 1505 542 1573 gravis
569 1514 678 1555 erat
706 1506 1006 1565 concordia,
1035 1523 1152 1573 quae
1182 1505 1397 1556 Kaisum
1424 1516 1475 1555 et
1503 1506 1637 1556 filios
1665 1506 1820 1556 Bedri

119 1538 124 1650 l
155 1598 416 1669 jungebat
439 1620 449 1650 :
495 1600 669 1667 itaque
691 1600 778 1650 ubi
807 1600 989 1650 incidit
1017 1601 1154 1650 inter
1175 1618 1264 1650 eos
1286 1600 1538 1650 discordia
1561 1602 1629 1651 ob
1654 1620 1818 1669 equo-

118 1659 123 1730 l
162 1713 278 1745 rum
310 1694 539 1755 cursum,
570 1713 824 1764 magnum
854 1696 975 1746 inde
1000 1696 1251 1764 gaudium
1282 1696 1515 1763 percepit
1544 1696 1722 1746 Rebia.

238 1789 336 1840 His
373 1790 661 1840 inimicitiis
698 1789 1197 1860 ingravescentibus,
1227 1791 1419 1840 occidit
1457 1790 1641 1840 Kaisus
1672 1790 1818 1841 Nad-

160 1885 281 1935 bam
313 1884 596 1935 Hodhaifae
619 1885 788 1935 filium
813 1906 823 1935 z
868 1884 1024 1935 Kaiso
1051 1894 1226 1935 auten]
1258 1885 1417 1935 frater
1443 1894 1551 1935 erat
1580 1885 1817 1936 Malecus
1849 1829 1853 1966 ξ

160 1981 297 2031 filius
327 1980 558 2041 Zohairi,
587 1981 677 2048 qui
711 1981 850 2048 apud
884 1980 1019 2030 filios
1053 1979 1341 2049 Dhobyani
1380 1981 1664 2031 habitabat.
1746 1980 1817 2031 Hi
1848 1971 1852 2066 i

1847 2069 1851 2118 Ι

159 2077 405 2126 certiores
433 2075 555 2126 fae'ti
583 2075 826 2126 Nadbam
851 2093 880 2126 a
905 2074 1060 2125 Kaiso
1085 2075 1420 2126 interfectum
1452 2075 1618 2135 fuiffe,
1645 2075 1814 2126 Male-

158 2189 277 2222 cum
310 2189 521 2239 quoque
548 2172 613 2221 de
639 2170 925 2238 improviso
952 2170 1263 2220 adoriuntur
1289 2179 1341 2219 et
1369 2170 1637 2220 occidunt.
1697 2169 1813 2220 Hu-

147 2268 238 2337 jus
266 2284 451 2318 necem
480 2284 602 2316 cum
643 2265 912 2315 audivisset
951 2264 1113 2315 Rebia
1154 2265 1288 2314 filius
1328 2264 1494 2324 Ziadi,
1526 2264 1812 2323 Malccum,

158 2380 316 2431 quem
365 2362 573 2412 summo
616 2378 796 2411 amore
846 2359 1276 2428 prosequebatur,
1325 2359 1617 2427 percussum
1666 2359 1813 2410 fuiss‘e

157 2457 430 2527 aegerrime
466 2456 657 2515 ferens,
686 2455 737 2505 in
775 2466 947 2523 partes
984 2453 1121 2504 Kaisi
1159 2453 1374 2513 transiit,
1403 2463 1456 2503 et
1486 2454 1734 2504 auxilium
1765 2455 1811 2504 ei
1889 2472 1924 2508 P.
1948 2475 2038 2523 456·

157 2553 359 2603 detulit.
442 2551 505 2602 In
543 2561 770 2601 mortem
810 2549 1001 2600 Maleci
1036 2548 1210 2599 versus
1249 2548 1373 2598 fecit
1410 2548 1589 2608 Rebia,
1617 2566 1646 2599 e
1680 2568 1810 2616 quo-

155 2666 272 2699 rum
303 2665 526 2698 numero
554 2646 673 2696 sunt
700 2645 775 2695 isti
799 2666 809 2696 :

231 2752 328 2817 Qui
356 2767 469 2797 nece
494 2749 670 2796 Maleci
702 2748 903 2805 laetatur,
930 2747 987 2794 ad
1014 2763 1179 2794 uxores
1205 2748 1378 2793 nostras
1409 2746 1591 2792 recedat
1616 2746 1682 2792 vel
1712 2764 1808 2793 uno

303 2843 378 2890 die
400 2863 409 2889 ε

228 2941 458 2987 Mulieres
491 2940 664 2986 videbit
699 2939 800 2985 velo
838 2938 1035 2984 nudatas
1074 2937 1201 2984 illum
1240 2938 1473 3002 plangere,
1507 2946 1552 2984 et
1590 2946 1639 2984 ut
1676 2937 1800 2983 illurn

298 3033 518 3090 defleant,
545 3032 727 3095 surgere
753 3033 877 3094 prius
902 3047 1040 3094 quain
1068 3031 1246 3078 niteant
1269 3048 1462 3077 aurorae.
