2498 3575
712 301 820 341 EX
879 299 1422 342 ABULFEDA.

234 479 320 521 tur
364 490 692 540 unoquoque
738 491 899 534 anno,
946 481 1187 542 tempore
1233 473 1482 523 festorum
1532 471 1794 521 sacrorum
1842 471 1895 521 in

236 564 509 636 Hidjazo.)
565 566 702 618 Cum
736 568 994 619 Zohairus
1023 568 1300 618 molestum
1330 567 1379 617 se
1406 576 1458 617 et
1485 568 1735 617 acerbum
1764 584 1896 634 prae-

235 662 383 712 beret
421 660 802 723 Hawazenitis,
842 663 977 714 male
1020 681 1143 733 erga
1179 681 1300 714 eum
1337 662 1513 714 affecti
1549 671 1734 712 cmnt:
1781 671 1897 712 orto

234 757 397 826 igitur
438 758 576 808 bello
617 759 754 809 inter
796 758 1085 810 Zohairum
1124 767 1174 809 et
1212 758 1495 815 Ameritas,
1534 757 1897 807 Ilawazenitae

235 871 358 903 cum
405 851 646 904 Khaledo
688 854 796 905 filio
837 853 1060 923 Djafari,
1101 854 1191 905 filii
1235 853 1440 913 Kelabi,
1475 862 1528 902 et
1560 852 1812 903 Ameritis
1849 852 1899 902 se

235 949 628 1018 conjunxerunt
655 960 839 1000 contra
871 949 1178 1000 Zohairum.
1254 948 1438 999 Praelio
1467 948 1761 1008 commifl'o,
1793 947 1897 997 Zo-

234 1045 409 1096 hairus
446 1054 498 1095 et
540 1045 829 1103 Khaledus,
871 1045 1007 1096 collo
1044 1046 1271 1096 invicem
1314 1042 1592 1112 prehenso,
1631 1042 1896 1093 collueffziti

232 1140 353 1190 sunt
380 1161 390 1191 :
434 1160 539 1208 quo
568 1141 859 1191 certamine
886 1140 1193 1191 interfechns
1221 1140 1292 1190 est
1322 1138 1598 1198 Zohairus,
1631 1136 1898 1188 Khaledus

232 1253 358 1286 vero
383 1235 550 1286 salvus
574 1236 745 1287 evasit.
790 1235 1034 1286 Praelium
1065 1236 1203 1285 haud
1233 1235 1417 1303 procui
1444 1252 1473 1283 a
1500 1233 1714 1303 regione
1738 1251 1896 1301 quam

233 1332 541 1382 incolebant
594 1331 959 1382 Hawazenita?
1025 1331 1362 1381 cornmifl'um
1429 1329 1515 1379 est.
1607 1328 1896 1379 Zohairum

234 1437 507 1478 mortuum
540 1427 863 1478 abstulerunt
896 1427 989 1477 filii
1024 1427 1153 1496 ejus,
1182 1435 1234 1476 et
1263 1426 1315 1476 in
1345 1424 1490 1475 suam
1521 1424 1790 1494 regionem
1819 1424 1884 1474 as-

232 1532 598 1593 portaverunt,
644 1522 988 1590 VVarakaque
1037 1521 1252 1572 Zohairi
1302 1521 1438 1572 filius
1486 1521 1584 1570 hac
1629 1519 1898 1570 occasione

232 1619 410 1671 versus
437 1620 586 1680 dixit,
616 1637 680 1669 ex
707 1618 899 1686 quibus
927 1618 968 1668 is
995 1619 1066 1668 est
1093 1635 1199 1686 quo
1236 1615 1537 1667 Khaledum
1573 1614 1859 1684 compellat
1884 1635 1894 1666 :

308 1723 476 1780 Avola,
515 1723 561 1769 O
603 1721 833 1779 Khalede,
873 1721 902 1768 fi
944 1721 1124 1768 avolare
1163 1728 1328 1784 potes:
1380 1735 1467 1766 nee
1503 1720 1641 1765 etiam
1679 1735 1790 1765 cum
1825 1735 1896 1765 re-

382 1815 603 1879 quiescas,
631 1816 808 1862 definat
833 1832 913 1862 cor
938 1824 1074 1862 tuum
1101 1814 1181 1860 fibi
1207 1830 1383 1859 cavere.

309 1915 358 1961 Si
394 1915 678 1972 remanseris,
714 1915 864 1961 ictum
899 1914 1082 1978 infliget
1118 1913 1200 1959 tibi
1241 1912 1408 1970 fatum,
1442 1914 1578 1974 cnjus
1616 1910 1660 1957 vi
1695 1910 1896 1957 discedet

380 2008 488 2064 vita,
517 2024 642 2054 mors
668 2007 829 2054 aderit.
1501 2069 1505 2072 .

234 2102 417 2157 Quum
457 2104 617 2173 igitur
659 2102 929 2154 Khaledus
969 2103 1106 2153 filius
1145 2101 1366 2172 Djafari,
1394 2101 1487 2152 filii
1517 2100 1703 2152 Kelabi
1730 2101 1893 2151 inter-

232 2198 430 2249 fecifl'et
453 2199 762 2260 Zohairum‚
787 2199 879 2249 fibi
902 2199 1088 2249 timere
1110 2197 1288 2265 coepit,
1311 2206 1470 2264 atque
1492 2198 1556 2246 ad
1579 2195 1890 2246 Nomanum

233 2294 595 2345 Amrial-kaifi
622 2294 810 2355 filiurn,
835 2293 1196 2353 Lakhmitam,
1221 2310 1399 2361 regem
1430 2290 1575 2342 Hirae
1600 2291 1649 2341 se
1677 2291 1891 2359 recepit,

232 2390 529 2459 praefidium
557 2391 623 2441 ab
651 2390 740 2440 illo
767 2390 1046 2458 petiturus.
1120 2387 1511 2438 Gatfanitarum
1538 2387 1784 2455 princeps
1809 2385 1891 2436 fu-

231 2495 343 2537 erat
395 2485 653 2536 Zohairus
680 2506 689 2536 :
754 2483 1010 2535 miserunt
1060 2484 1238 2552 itaque
1289 2481 1588 2533 Harethum
1640 2480 1890 2532 Dhalemi

231 2582 400 2632 filium
442 2581 723 2632 Morritam
761 2581 826 2630 ad
858 2579 1190 2637 Nonianum,
1222 2578 1362 2646 quasi
1390 2579 1453 2628 de
1481 2595 1535 2627 re
1561 2577 1735 2645 aliqua
1766 2595 1888 2627 cum

232 2696 354 2747 rege
381 2677 640 2728 acturum.
706 2675 1023 2726 Tentorium
1055 2672 1296 2724 Khaledo
1322 2673 1452 2742 erigi
1479 2682 1751 2723 curaverat
1775 2671 1889 2722 No-

233 2791 441 2834 manus,
481 2774 622 2841 quod
661 2770 915 2841 ingrefl'us
957 2769 1226 2819 Harethus
1269 2768 1449 2828 noctu,
1493 2766 1793 2818 Khaledum
1835 2768 1889 2817 in

231 2869 342 2937 ipso
369 2869 598 2919 tentorio
626 2866 910 2925 interfecit,
934 2865 1213 2931 statimque
1239 2863 1463 2933 aufugit,
1491 2872 1543 2913 et
1572 2862 1739 2912 salvus
1766 2880 1886 2913 eva-

231 2964 307 3015 fit.
359 2963 476 3014 Hac
503 2964 647 3014 caede
674 2961 901 3030 peraeta,
925 2959 1191 3010 Ameritas
1221 2959 1562 3028 congregavit
1588 2957 1887 3008 Akhwasus

230 3060 368 3110 filius
395 3058 617 3126 Djafari,
649 3056 982 3123 Khaledique
1008 3054 1183 3114 frater,
1213 3054 1478 3123 coepitque
1508 3053 1746 3122 persequi
1775 3052 1886 3104 Ha-

1003 3140 1023 3174 3
1049 3129 1081 3163 Y
1111 3140 1130 3163 2

2038 312 2134 366 531
