2498 3575
1235 309 1748 352 EXCERPTA

670 501 722 541 et
748 500 935 559 torque
961 491 1150 551 induit,
1174 490 1510 558 Amrumque
1531 508 1653 541 eum
1682 490 1993 540 nominavit.
2072 488 2234 541 Hunc
2258 489 2316 541 in

669 585 837 636 filium
871 585 1140 653 adoptavit
1172 583 1511 654 Djodhaima.
1588 583 1797 635 Deinde
1822 602 1946 635 vero
1975 601 2004 634 e
2034 583 2319 653 conspectu

669 679 901 730 sublatus
927 679 998 729 est
1024 696 1171 747 puer,
1200 697 1358 747 quem
1385 679 1572 729 volunt
1600 677 1799 728 Arabes
1838 697 1870 728 a
1907 678 2075 748 geniis
2112 678 2317 747 surrep-
2377 680 2380 682 ’

671 784 786 824 tum
814 772 979 825 fuifl'e.
1059 772 1218 824 Illum
1246 783 1514 841 repertum
1542 773 1647 823 duo
1672 773 1787 833 viri,
1811 772 2049 824 Malecus
2075 780 2129 823 et
2153 771 2316 824 Okai-

671 869 751 918 lus
779 868 1014 928 nomine,
1042 869 1107 918 ad
1145 885 1323 938 regem
1357 869 1706 928 adduxerunt,
1734 868 1824 936 qui
1857 868 2201 919 vehementer
2235 886 2317 920 re-

671 971 822 1031 perto
847 962 938 1012 illo
963 961 1166 1032 gavisus
1187 963 1276 1023 est,
1303 961 1617 1031 Malecoque
1642 971 1695 1013 et
1720 961 1928 1024 Okailo,
1955 981 1986 1014 a
2011 963 2200 1031 quibus
2224 965 2316 1014 ad-

672 1057 859 1108 ductus
897 1058 962 1107 ad
1000 1075 1122 1107 eum
1165 1057 1353 1118 fuerat,
1380 1058 1588 1108 veniam
1624 1058 1784 1119 dedit,
1818 1066 1876 1108 ut
1909 1076 1940 1108 a
1976 1057 2027 1108 se
2066 1058 2319 1127 quicquid

670 1150 884 1211 vellent,
912 1160 1236 1220 expeterent.
1290 1159 1323 1179 “
1350 1150 1630 1210 Volumus,
1658 1152 1906 1220 inquiunt
1931 1153 2027 1214 isti,
2056 1161 2116 1203 ut
2141 1162 2316 1204 tecum

673 1253 706 1273 “
734 1254 917 1313 potare
951 1245 1103 1296 nobis
1138 1246 1310 1306 liceat,
1344 1246 1598 1314 quamdiu
1633 1255 1685 1297 et
1720 1263 1817 1297 nos
1849 1255 1903 1297 et
1941 1256 1999 1297 tu
2028 1246 2321 1316 superstites

673 1348 706 1368 “
735 1339 982 1390 erimus.’'
1029 1339 1101 1390 Hi
1127 1340 1249 1391 sunt
1270 1342 1334 1391 de
1360 1341 1550 1409 quibus
1575 1341 1914 1409 proverbium
1941 1342 2071 1392 illud
2096 1342 2318 1395 dicitur:

673 1441 706 1462 “
736 1434 883 1485 Sicut
909 1436 1014 1485 duo
1041 1444 1433 1504 compotatores
1460 1434 1853 1505 Djodhaimae.”

744 1528 1081 1599 Djodhaimae
1116 1549 1247 1592 aevo,
1275 1530 1694 1599 Mesopotamiae,
1723 1531 2071 1600 superioribus
2108 1533 2174 1583 ad
2209 1530 2326 1583 Eu·

672 1624 861 1675 fratem
888 1626 1208 1695 regionibus,
1235 1634 1289 1676 et
1315 1626 1656 1676 orientalibus
1683 1625 1846 1695 Syriae
1871 1627 2065 1677 finibus
2091 1627 2319 1694 impera-

672 1719 764 1769 bat
787 1720 866 1769 vir
892 1720 1106 1787 quidam
1145 1738 1210 1771 ex
1246 1719 1573 1781 Amalecitis,
1602 1720 1686 1771 cui
1726 1738 1922 1771 nomen
1960 1729 2071 1772 erat
2101 1720 2320 1782 Amms,

672 1813 809 1863 filius
850 1812 1074 1874 Dharbi,
1115 1814 1208 1864 filii
1248 1814 1464 1865 Haffani
1497 1814 1825 1865 Amalecitae.
1891 1813 2054 1866 Hunc
2091 1815 2231 1866 inter
2268 1823 2322 1866 et

671 1905 1049 1976 Djodhaimam
1082 1908 1221 1959 bella
1250 1908 1664 1970 intercefferunt,
1693 1908 2028 1978 Amrumque
2054 1910 2319 1962 devictum

672 2002 938 2053 interfecit
985 2001 1324 2073 Djodhaima.
1419 2002 1560 2054 Huic
1609 2004 1780 2054 Amro
1825 2005 1931 2055 filia
1976 2004 2096 2066 fuit,
2142 2004 2322 2057 Zobaa

673 2095 828 2157 dicta,
856 2096 943 2146 sed
968 2115 1091 2147 vero
1119 2098 1354 2159 nomine,
1380 2097 1551 2149 Naila.
1617 2097 1750 2150 Haec
1774 2100 1910 2167 patri
1935 2100 1991 2150 in
2017 2117 2182 2170 regno
2207 2100 2321 2151 suc-

674 2190 835 2250 cessit,
863 2190 1094 2258 duasque
1119 2192 1398 2242 aedificavit
1422 2193 1659 2244 civitates
1685 2195 1751 2244 ad
1776 2194 1943 2262 ripam
1972 2194 2204 2248 Eufratis
2229 2196 2322 2248 fibi

672 2283 899 2335 invicem
927 2285 1204 2353 oppofitas.
1282 2285 1424 2337 Dolo
1461 2287 1692 2357 aggressa
1727 2289 1799 2338 est
1832 2287 2231 2357 Djodhaimam‚
2267 2299 2321 2342 et

661 2373 905 2447 'conjugii
938 2378 1026 2446 spe
1057 2379 1304 2431 allectum
1346 2381 1419 2431 ita
1456 2381 1656 2443 delufit,
1683 2392 1743 2433 ut
1768 2384 1832 2434 ad
1859 2401 1974 2435 eam
2010 2386 2316 2438 accederet:

674 2490 779 2539 quo
806 2472 993 2534 occiso,
1020 2474 1182 2541 patris
1209 2474 1283 2524 sui
1312 2493 1496 2525 necem
1525 2476 1634 2526 ulta
1659 2477 1746 2527 est.
