2498 3575
1269 320 1313 362 N
1386 320 1428 363 Ο
1502 283 1676 362 ΤΔΙΕ.

735 500 909 567 Atque
945 496 1052 548 haec
1089 498 1160 548 est
1198 499 1333 550 urbis
1361 501 1610 550 Meccanae
1655 499 1833 568 (prout
1872 497 2099 549 authoris
2134 498 2285 568 hujus

660 611 764 644 aevo
803 592 850 642 se
887 590 1094 661 habuit)
1138 592 1425 663 descriptio,
1454 612 1613 663 quam
1640 605 1696 643 ut
1723 592 1899 643 le&ori
1925 611 2082 662 quam
2109 594 2283 664 potui-

661 705 774 738 mus
814 687 1139 738 emendatam
1175 687 1408 738 daremus
1441 688 1542 738 duo
1578 689 1710 738 inter
1743 688 1791 738 se
1825 687 2127 757 exemplaria
2155 689 2286 740 MSS

658 782 965 833 conferenda
993 783 1296 843 curavimus,
1325 801 1543 852 quorum
1571 783 1799 852 primum
1839 801 1865 833 e
1903 782 2045 852 Syria
2081 783 2284 843 advexi,

657 878 878 928 alterum
921 897 983 928 ex
1025 879 1235 947 AEgypto
1273 877 1600 928 Doctiffimus
1641 879 1716 928 vir
1763 877 2010 947 Jolzannes
2049 876 2284 937 Gravius,

659 973 797 1042 quod
815 991 933 1022 meo
954 985 1004 1023 et
1031 972 1304 1042 antiquius,
1328 984 1378 1022 et
1406 973 1458 1022 in
1484 972 1658 1022 multis
1687 971 2024 1023 emendatius.
2075 971 2286 1023 Restant

656 1067 1015 1138 perpendenda
1053 1065 1286 1136 τζιτζαφέι
1323 1067 1402 1116 καὶ
1435 1065 1610 1142 μωρὰ,
1647 1085 1761 1136 quae
1803 1068 1874 1117 ait
1909 1066 2191 1137 Euthymius
2223 1066 2285 1118 ab

655 1163 752 1213 illis
796 1161 843 1212 ἐκ
890 1160 967 1212 τῶν
1008 1161 1309 1229 σεξασμάτων
1343 1161 1433 1212 9εέ
1469 1161 1745 1232 perhiberi.
1812 1162 1936 1232 Pag.
1980 1173 2153 1212 autem
2191 1161 2281 1231 78.

656 1277 757 1308 non
799 1280 822 1305 τ
851 1255 1026 1329 ιτζαφὲι
1063 1257 1265 1328 legitur,
1302 1258 1386 1309 sed
1421 1256 1620 1325 τζοίφωε
1662 1257 1881 1308 melius:
1925 1256 1997 1307 est
2023 1256 2163 1307 enim
2189 1275 2282 1308 vo-

654 1353 899 1403 cabulum
927 1351 1194 1403 Arabicum
1230 1366 1309 1408 um
1339 1353 1478 1423 chfh,
1512 1354 1598 1403 cui
1631 1349 1705 1424 τζὶ
1737 1350 2055 1423 praeposuiffe
2083 1351 2283 1403 videtur

656 1449 732 1498 vir
761 1449 983 1508 Graecus,
1024 1461 1080 1499 ut
1117 1448 1356 1499 fibilantis
1395 1448 1557 1499 literae
1592 1448 1769 1498 sonum
1814 1447 2014 1517 plenius
2055 1445 2278 1501 efferret.

657 1545 737 1595 De
777 1556 908 1599 k-im
948 1543 1071 1614 Sqfcz
1105 1557 1279 1594 autem
1315 1556 1366 1594 et
1405 1561 1501 1616 3970
1541 1529 1780 1594 Mcirwalz
1812 1542 1924 1611 jam
1959 1541 2155 1608 dictum
2191 1541 2281 1601 est,

652 1639 764 1689 loca
806 1638 901 1689 effe
940 1639 1147 1699 Meccae,
1188 1640 1240 1689 in
1280 1638 1465 1709 quibus
1505 1638 1661 1709 pofita
1701 1637 1825 1688 olim
1860 1637 1994 1688 idola
2031 1636 2197 1707 Astzplz
2233 1649 2283 1687 et

655 1733 890 1803 Nayelalz.
957 1734 1069 1804 Ipsa
1105 1733 1228 1803 Sqfa
1264 1746 1315 1785 et
1347 1735 1587 1785 Marwalz
1615 1731 1927 1793 Kazwinius‚
1963 1732 2130 1784 nescio
2155 1749 2283 1802 quos

653 1828 849 1879 secutus
892 1812 1151 1889 authores,
1195 1831 1403 1881 nomina
1442 1827 1583 1879 fuiffe
1626 1828 1780 1879 tradit
1819 1828 1915 1878 viri
1950 1840 2002 1879 et
2039 1826 2282 1888 foeminae,

654 1925 744 1993 qui
778 1923 844 1974 ob
885 1924 1111 1993 stuprum
1148 1925 1200 1975 in
1240 1922 1406 1975 Caaba
1438 1935 1784 1994 perpetratum
1816 1923 1868 1974 in
1893 1922 2085 1993 lapides
2111 1942 2140 1974 a
2168 1924 2284 1975 Deo

654 2019 900 2079 converfi,
939 2019 1198 2070 montibus
1238 2018 1630 2090 cognominibus
1658 2017 1877 2087 impofiti
1902 2016 2089 2069 filerint
2112 2017 2164 2069 in
2189 2037 2285 2069 ex-

655 2114 902 2183 emplum,
930 2127 980 2165 et
1007 2114 1277 2165 cautelam.
1346 2113 1470 2183 Scfit
1495 2113 1675 2165 saxum
1702 2112 1799 2164 effe
1838 2113 2021 2164 coloris
2060 2113 2283 2174 caerulei,

653 2208 716 2259 ad
748 2209 972 2259 radicem
1011 2210 1199 2260 montis
1229 2207 1333 2259 Abi
1355 2207 1548 2276 Kobaist
1565 2234 1581 2270 3
1621 2208 1860 2260 Marwah
1895 2221 2070 2260 autem
2105 2208 2285 2259 saxum

652 2322 897 2375 magnum
923 2304 985 2354 ad
1011 2304 1235 2355 radicem
1260 2303 1447 2354 montis
1475 2304 1642 2354 monti
1669 2302 1921 2354 Koaz'kaan
1947 2304 2200 2374 contigui,
2233 2315 2285 2354 et

652 2398 714 2449 ab
752 2399 973 2450 invicem
1008 2400 1169 2469 spatio
1196 2398 1311 2469 780>
1331 2398 1625 2449 cubitorum
1664 2398 1861 2458 distare,
1899 2397 2066 2450 afferit
2099 2396 2286 2449 author

587 2533 594 2541 ‚
651 2507 814 2567 ,boam
842 2509 978 2553 &BL-..0
1009 2534 1024 2555 ,
1053 2496 1155 2546 &c.
1221 2495 1481 2545 Dicuntur
1507 2494 1558 2544 in
1598 2497 1630 2529 *
1659 2493 1900 2544 Alcorano
1926 2493 2024 2545 effe
2053 2506 2184 2572 πρωὶ
2225 2518 2285 2564 g,-

655 2602 723 2644 ΑΗ
763 2590 797 2640 i.
827 2609 873 2640 e.
915 2589 1114 2658 estgm's
1147 2588 1265 2650 Dei,
1294 2589 1380 2640 seu
1406 2607 1472 2640 ex
1498 2590 1558 2639 iis
1585 2607 1695 2658 quae
1724 2590 1866 2639 Deus
1893 2588 1941 2638 in
1959 2588 2158 2657 signum
2183 2586 2283 2639 ho-

653 2683 878 2734 minibus
906 2685 1088 2753 posuit,
1118 2696 1169 2735 et
1196 2685 1247 2734 in
1274 2683 1461 2753 quibus
1487 2683 1586 2734 coli
1612 2683 1775 2734 voluit
1796 2707 1813 2744 ς
1852 2681 1900 2732 ἐκ
1925 2680 2006 2732 τῶν
2030 2681 2282 2749 efficto-peci-

653 2800 732 2827 των
770 2775 873 2838 Sag,
912 2790 968 2829 ut
1005 2779 1230 2848 loquitur
1269 2777 1570 2849 Eutlzymius.
1638 2776 1796 2846 Qod
1831 2777 1866 2828 fi
1900 2778 2104 2829 vesanos
2140 2776 2282 2828 Ara-

654 2870 781 2932 bum,
809 2884 914 2922 tam
942 2872 1285 2941 antiquiorum
1312 2891 1467 2942 quarn
1493 2872 1862 2932 recentiorum,
1899 2872 1963 2923 ad
1989 2891 2047 2923 ea
2075 2884 2127 2923 et
2152 2872 2285 2922 inter

656 2985 714 3017 ea
740 2985 925 3037 magna
950 2967 1116 3018 cultus
1143 2968 1384 3037 opinione
1412 2967 1802 3018 discurrentium
1838 2966 1962 3018 ritus
1998 2965 2282 3037 inspexeri-
2342 3017 2345 3021 ,

654 3079 788 3122 mus,
829 3060 1091 3112 manifesta
1130 3061 1339 3112 illorum
1371 3061 1688 3121 idololatriae,
1726 3073 1778 3112 et
1817 3061 2089 3112 certiffima
2132 3059 2283 3131 foedae
