2498 3575
773 291 1188 335 NOTAE.

157 479 317 530 Atlzir
354 478 475 548 quid
510 477 568 529 fit
606 490 795 536 φύε-ω
835 477 1194 546 explicantem.
1255 474 1467 544 AlCatf
1484 475 1698 546 (inquit)
1731 477 1803 528 est

156 589 328 647 4933&
365 588 487 644 oum*
534 609 602 652 05⁰
651 586 837 652 mlx-⁵⁸³⁸
876 589 1028 632 *νὺξ
1068 586 1194 640 3—*05
1241 605 1271 650 ÷3
1317 592 1478 650 0533
1523 595 1657 646 05:25³
1703 585 1799 656 ΓΗΣ

155 690 311 756 fax-e
350 684 557 748 erffi
598 681 681 726 ἕω
725 686 792 725 «ω’
831 687 1044 742 &34:543
1085 681 1228 740 5915
1260 686 1307 717 os
1331 667 1484 718 latum
1509 665 1577 717 ad
1596 666 1802 718 radicem

154 765 346 816 humeri
373 764 607 826 animalis,
644 763 837 814 hominis
852 763 1045 834 scilicet
1078 775 1125 813 et
1147 762 1493 831 jumentorum,
1521 762 1569 812 in
1608 782 1711 833 quo,
1748 762 1801 814 ob

153 861 352 932 inopiam
376 862 568 912 chartae
594 858 728 931 apud
746 859 877 930 ipsos,
888 857 1354 929 scriberesolebant.
1413 858 1678 929 Accepiffe
1705 878 1798 910 au-

154 971 262 1010 tem
300 970 464 1009 artem
501 955 636 1007 hanc
677 956 885 1007 tradunt
922 954 1220 1018 Korafflzitas
1254 974 1282 1005 a
1323 955 1540 1023 Basharo
1574 955 1800 1025 quodam

155 1051 398 1122 Cendiergsi
422 1051 788 1120 Anbariezfflum
818 1052 931 1120 jam
964 1064 1377 1103 memoratorum
1413 1050 1681 1121 discipulo,
1710 1052 1801 1121 qui

153 1151 373 1200 Meccczm
399 1148 655 1220 profectus
677 1162 728 1199 et
750 1148 918 1199 sorore
941 1146 1058 1198 Abu
1082 1146 1283 1218 Sosjtczni
1304 1148 1357 1197 in
1386 1165 1606 1198 uxorem
1632 1146 1798 1208 ducta,

152 1245 253 1297 hoc
282 1246 379 1296 illis
408 1247 680 1297 inventum
707 1244 1126 1304 communicavit,
1156 1244 1296 1314 quod
1332 1262 1435 1295 non
1468 1243 1644 1294 multis
1679 1256 1798 1294 ante

152 1342 436 1393 institutam
473 1361 499 1392 a
536 1339 863 1393 Affohammede
901 1341 1208 1411 religionem
1249 1341 1392 1390 annis
1427 1338 1692 1409 contigiffe
1733 1358 1798 1390 ex

149 1440 209 1490 iis
238 1457 355 1508 quae
380 1438 512 1489 dicta
539 1437 653 1489 sunt
679 1437 1009 1489 manifestum
1037 1436 1127 1487 est.
1183 1436 1400 1487 Interim
1422 1435 1562 1506 quod
1584 1434 1647 1485 ad
1669 1433 1792 1486 cha-

149 1537 364 1586 racteres
389 1554 425 1585 *a
461 1536 737 1585 Moramero
777 1535 991 1594 effictos,
1021 1552 1080 1584 ac
1117 1533 1205 1584 diu
1241 1531 1375 1602 apud
1402 1529 1593 1582 Arabes
1620 1544 1795 1582 reten-

151 1645 248 1691 tos,
273 1631 389 1682 satis
417 1631 566 1682 rudes
593 1629 737 1681 fuiffe
767 1630 981 1690 constat,
1005 1630 1182 1700 quales
1211 1629 1406 1680 scilicet
1432 1626 1676 1697 Kzgfienst’s
1701 1646 1795 1678 v-o-

148 1742 284 1790 cant,
312 1747 439 1799 quos
478 1729 530 1779 in
570 1728 823 1779 librorum
858 1728 1019 1778 titulis
1047 1745 1104 1777 ac
1131 1725 1379 1796 lapidibus
1407 1724 1684 1794 insculptos
1713 1725 1794 1775 vi-

148 1826 267 1878 dere
309 1825 399 1885 est,
429 1844 526 1876 nec
566 1825 673 1876 aliis
715 1824 1030 1894 descriptum
1064 1823 1191 1874 olim
1216 1821 1516 1873 Alcorczmmz
1550 1819 1796 1871 testantur

149 1921 269 1973 folia
296 1922 495 1992 aliquot
522 1923 750 1991 antiqua,
775 1920 932 1971 literis
961 1918 1372 1970 semiuncialibus
1401 1917 1454 1967 in
1481 1934 1796 1987 pergameno

149 2031 370 2079 exarata,
398 2036 514 2088 quae
553 2016 864 2068 dostiffimus
903 2015 1138 2086 mihique
1179 2013 1507 2065 amiciffimus
1548 2011 1798 2082 Jolzamzes

152 2114 389 2175 Gravius,
419 2133 522 2185 quo
550 2132 704 2164 nemo
731 2113 933 2183 integro
960 2113 1123 2183 magis
1152 2109 1339 2161 affectu
1369 2109 1417 2160 se
1447 2108 1708 2178 studiaque
1736 2126 1794 2158 ac

149 2210 403 2281 impensas
439 2210 548 2261 suas
589 2210 810 2281 publicae
847 2210 920 2260 rei
960 2208 1190 2260 literariae
1230 2205 1436 2258 utilitati
1471 2204 1677 2264 dicavit,
1715 2204 1793 2255 se-

149 2325 269 2357 cum
294 2325 357 2358 ex
384 2308 595 2377 AEgypto
634 2305 831 2357 detulit.
899 2304 1259 2375 Elegantiores
1302 2302 1437 2362 istos,
1466 2300 1651 2371 quibus
1681 2300 1794 2368 jam

149 2415 379 2463 utuntur,
409 2421 513 2453 non
551 2402 642 2454 nifi
683 2402 924 2453 trecentis
965 2399 1071 2451 fere
1111 2399 1224 2471 post
1250 2395 1624 2450 Molzammedem
1651 2397 1793 2446 annis

148 2499 210 2550 ab
238 2497 348 2551 Ebn
371 2496 574 2550 Molelczlz
605 2498 820 2568 (merito
847 2509 986 2548 certe
1014 2496 1097 2547 vel
1124 2495 1191 2546 ob
1220 2494 1322 2546 hoc
1350 2513 1413 2545 ne
1441 2493 1618 2544 dextra
1644 2505 1792 2543 trun-

147 2595 372 2663 caretur)
413 2595 764 2654 concinnatos,
800 2593 985 2644 deinde
1025 2592 1089 2643 ab
1117 2591 1210 2642 Ali
1233 2589 1343 2642 Ebn
1371 2587 1573 2648 Bowczb‚
1601 2587 1794 2639 celebri

147 2691 240 2742 isto
267 2689 613 2761 calligraphias
642 2689 859 2749 artifice,
884 2689 946 2740 ad
968 2687 1342 2760 perfectionem
1374 2685 1662 2757 perductos,
1689 2683 1790 2734 tes-

147 2788 210 2837 tis
247 2787 330 2837 -est
376 2786 474 2837 fide
516 2787 700 2857 dignus
750 2784 860 2836 Ebn
901 2784 1153 2835 Chalican.
1218 2782 1376 2853 Qod
1418 2781 1624 2832 interim
1667 2779 1792 2830 sarta

145 2885 278 2933 testa
320 2882 602 2933 servaretur
637 2882 814 2952 lingua
852 2894 961 2932 tam
999 2881 1101 2932 late
1140 2892 1338 2951 patens,
1380 2878 1481 2929 fine
1523 2877 1791 2927 literarum

146 2977 399 3046 praefidiis,
419 2977 563 3029 Poefi
593 2977 691 3028 suae
717 2976 942 3028 debuisse
972 2977 1201 3027 videtur:
1234 2975 1368 3026 unde
1400 2992 1503 3024 non
1530 2971 1791 3022 immerito

147 3091 245 3123 una
265 3091 386 3124 cum
411 3073 597 3144 linguae
622 3073 719 3124 suae
740 3092 882 3133 cura,
907 3073 1016 3141 ejus
1045 3090 1255 3142 quoque
1285 3070 1506 3121 studium
1533 3067 1646 3135 conj
1657 3084 1789 3116 unx-

830 3155 832 3157 ’
953 3158 991 3194 Y
1016 3170 1035 3193 2

89 3239 675 3247 --——.—-———-.--
686 3242 886 3247 *κω

1953 292 2049 362 163
