2498 3575
440 272 522 323 De
546 267 771 322 Arabum
797 265 1021 319 Moribus
1042 266 1145 339 post
1169 266 1558 321 Molzammedem.
1972 288 2037 341 29

185 473 256 524 est
277 471 522 544 subjectio
543 481 594 521 et
617 469 848 521 demissio
876 469 950 520 sui
978 488 1150 520 coram
1180 468 1414 520 Domino
1443 471 1817 540 omnipotente.

185 587 234 637 3.
280 566 652 635 Eleemosyna3
695 584 812 634 quae
852 565 923 615 est
963 563 1368 616 communicatio
1413 564 1466 614 in
1506 565 1729 626 miseriis,
1773 577 1824 616 et

184 660 450 721 auxilium,
493 669 545 711 et
582 658 796 729 largitio.
862 677 913 723 4.
949 658 1223 731 Jejunium
1245 678 1257 717 ;
1317 658 1453 728 quod
1493 657 1565 708 est
1613 657 1684 708 sui
1733 660 1857 722 clo-1

186 754 363 815 matio,
414 764 467 804 et
505 753 767 823 depreffio,
816 763 869 804 et
911 752 1196 825 subjugatio
1243 751 1685 822 concupiscentiae,
1726 772 1826 821 qua

186 850 496 921 producatur
520 847 759 898 teneritas
789 846 966 907 cordis,
1007 857 1060 897 et
1092 846 1278 897 animae
1308 846 1511 916 puritas.
1583 860 1636 913 5.
1678 845 1824 894 Pere-

186 942 402 1016 grinatio
425 963 438 1003 ;
481 961 597 1012 quae
637 941 800 993 exitus
841 960 868 992 e
908 942 1106 992 mundo
1152 951 1204 991 et
1248 939 1419 990 itionis
1463 939 1517 990 in
1559 938 1827 990 occursum

188 1038 351 1090 futuri
379 1048 533 1108 typus
563 1036 635 1087 est
662 1056 673 1086 ε
716 1054 811 1086 nec
838 1035 935 1086 alio
965 1034 1191 1104 plerique
1218 1052 1398 1085 eorum
1435 1033 1522 1103 qui
1557 1032 1610 1083 in
1646 1052 1704 1083 ea
1739 1033 1828 1082 ob-

189 1135 451 1186 servantur
489 1133 630 1192 ritus,
672 1133 912 1192 tendunt,
954 1150 1112 1201 quarn
1151 1129 1435 1201 probationi
1473 1140 1526 1181 et
1560 1128 1833 1180 tentationi

191 1228 431 1288 hominis,
473 1246 537 1277 an
567 1245 625 1278 ea
653 1245 770 1296 quae
799 1225 887 1296 ipsi
917 1227 1159 1277 mandata
1185 1225 1284 1277 fint
1312 1224 1486 1276 sectari
1514 1224 1638 1275 velit
1660 1245 1672 1285 ;
1707 1244 1831 1295 qua-

190 1324 260 1374 les
299 1323 418 1388 sunt
456 1321 626 1372 cursus
665 1331 716 1371 et
754 1319 1037 1390 properatio
1071 1318 1125 1370 in
1164 1319 1462 1371 circuitione
1499 1318 1740 1390 [Caabae],
1784 1330 1835 1370 et

182 1417 350 1491 jactus
378 1414 684 1486 lapillorum.
745 1415 906 1470 Quod
934 1434 1051 1467 vero
1080 1415 1143 1465 ad
1172 1413 1576 1466 observationem
1604 1413 1702 1464 diei
1724 1413 1832 1464 Ve-

193 1512 324 1563 neris
363 1523 415 1563 et
454 1511 716 1570 festorum,
758 1500 991 1561 instituta
1029 1509 1148 1560 sunt
1187 1528 1245 1560 ea
1282 1510 1346 1559 ad
1385 1507 1834 1578 congregationem

194 1607 388 1678 populi,
429 1626 533 1677 quo
569 1604 890 1664 conveniant,
933 1616 986 1656 et
1019 1605 1068 1655 se
1107 1615 1297 1654 mutuo
1333 1602 1510 1662 visant,
1554 1614 1606 1653 et
1639 1602 1693 1652 in
1722 1602 1778 1652 iis
1809 1621 1837 1652 a

195 1703 431 1754 laborum
470 1700 631 1752 taediis
670 1699 945 1770 quiescant.
1015 1698 1347 1750 Circumcifio
1382 1710 1560 1749 autem
1590 1696 1838 1769 injunctio

200 1796 287 1857 est,
329 1795 413 1847 cui
452 1795 579 1846 inest
616 1793 833 1845 tentatio
869 1806 921 1845 et
950 1793 1196 1864 probatio,
1238 1804 1290 1844 et
1320 1793 1510 1844 deditio
1540 1792 1614 1842 sui
1656 1791 1835 1862 [Deo].

202 1890 362 1946 Quod
401 1890 463 1940 ad
509 1888 907 1959 prohibitionem
946 1887 1238 1947 morticinii,
1281 1899 1332 1938 et
1375 1886 1643 1956 sanguinis,
1686 1886 1739 1937 in
1781 1905 1840 1937 eo

204 1986 342 2055 quod
390 1985 592 2034 horreat
637 2002 696 2034 ea
743 1983 961 2042 animus,
1004 1993 1056 2033 et
1100 1981 1317 2051 refugiat
1369 1992 1567 2039 natura,
1610 1979 1722 2030 satis
1770 1980 1841 2031 est

204 2080 344 2152 quod
371 2076 728 2130 abstinentiam
759 2079 820 2128 ab
850 2076 944 2129 illis
972 2087 1033 2128 ut
1062 2074 1384 2128 necessariam
1412 2074 1635 2126 suadeat.
