2498 3575
669 310 780 350 EX
839 310 1381 351 ABULFEDA.

197 504 332 555 quos
363 487 506 538 fama
543 487 790 538 inclaruit
827 486 1044 538 Ommia
1079 488 1217 538 filius
1256 487 1434 539 Khalfi
1461 487 1706 538 inimicus
1735 487 1858 538 Mo-

199 583 514 641 hammedi5‚
543 583 811 651 fraterque
844 583 955 653 ejus
992 583 1249 653 Obbayus
1276 584 1414 634 filius
1457 582 1653 644 Khalfi,
1681 583 1860 633 fimili-

198 686 381 746 terque
406 679 684 747 prophetae
715 679 980 730 inimicus.
1060 678 1142 730 Ex
1169 678 1388 730 Hosaiso
1414 696 1627 747 quoque
1654 679 1862 729 oriundi

196 773 469 834 Sahmitae,
489 775 580 842 qui
599 783 776 825 ortum
802 776 1062 825 dederunt
1080 775 1251 826 Amro
1272 775 1361 825 Afi
1383 775 1510 826 filio.
1553 774 1641 825 Ad
1659 774 1858 825 Adium

194 868 357 920 Caabi
397 869 567 920 filium
609 870 870 921 referendi
909 870 1105 931 Aditae,
1146 889 1175 921 e
1216 871 1406 938 quibus
1447 870 1593 920 fuere
1633 869 1860 920 Omarus

196 963 455 1016 Khattabi
481 966 637 1024 filius,
666 975 720 1016 et
747 965 931 1017 Saidus
958 967 1097 1016 filius
1127 965 1294 1028 Zeidi,
1323 966 1413 1034 qui
1449 984 1514 1016 ex
1548 966 1731 1016 decem
1760 966 1859 1016 illis

193 1059 295 1111 fuit
325 1059 539 1130 [quibus
566 1061 834 1130 paradisus
861 1080 891 1112 a
916 1062 1177 1130 propheta
1202 1060 1526 1130 promissus}

270 1155 468 1207 Morrae
508 1165 662 1207 natus
694 1158 784 1218 est,
813 1157 952 1208 inter
985 1174 1110 1208 avos
1150 1156 1547 1207 Mohammedis
1581 1155 1857 1207 recensen-

194 1252 310 1312 duS,
336 1250 587 1311 Kelabus‚
608 1260 662 1303 et
687 1261 836 1303 extra
861 1252 1047 1303 seriem
1074 1270 1294 1303 avorum
1324 1253 1616 1321 prophetae,
1638 1252 1858 1302 Taimus

193 1355 247 1398 et
273 1346 516 1398 Yakdha.
572 1347 625 1399 A
649 1347 842 1398 Taimo
867 1365 1035 1418 genus
1063 1349 1266 1398 ducunt
1290 1347 1554 1407 Taimitae,
1578 1364 1607 1397 e
1629 1365 1857 1415 quorum

195 1461 419 1494 numero
442 1443 544 1494 fuit
564 1443 917 1494 Aboubecrus
936 1445 1139 1494 amicus
1163 1443 1580 1503 MohammediS,
1601 1453 1653 1493 et
1670 1443 1856 1504 Talha,

193 1539 284 1606 qui
312 1539 449 1589 inter
475 1539 591 1589 illos
619 1541 802 1590 decem
836 1538 1203 1609 [supradielos]
1235 1538 1413 1589 locum
1444 1539 1619 1589 habet.
1685 1538 1857 1589 Yakd-

191 1634 318 1685 ham
353 1642 595 1685 autorem
637 1634 934 1705 agnoscunt
970 1633 1414 1694 Makhzoumitae,
1443 1634 1533 1701 qui
1561 1643 1735 1683 ortum
1766 1634 1856 1683 de-

192 1730 387 1781 derunt
427 1729 672 1780 ,Khaledo
707 1730 817 1781 filio
851 1729 1073 1790 Walidi‚
1106 1740 1158 1780 et
1193 1728 1535 1798 Aboudjahlo
1572 1727 1858 1779 Heschami

190 1825 318 1885 filio,
364 1825 449 1875 cui
492 1843 679 1876 verum
733 1843 933 1876 nomen
983 1824 1086 1876 fuit
1129 1824 1331 1875 Amrus
1378 1823 1517 1875 filius
1568 1822 1855 1875 Heschami

190 1921 358 1972 Makh
366 1922 617 1973 zoumita.

1887 271 1894 429 1

2197 834 2205 1016 ³

265 2015 470 2067 Kelabo
511 2025 666 2068 natus
703 2017 778 2067 est
818 2015 1116 2086 Kosayyus,
1157 2015 1248 2084 qui
1288 2015 1343 2065 in
1381 2014 1692 2085 genealogia
1730 2033 1854 2084 pro·
1954 2056 1962 2065 .
2040 2039 2077 2065 0.

188 2112 364 2181 phetae
390 2112 570 2163 locum
593 2112 816 2170 obtinet,
842 2120 895 2162 et
917 2120 1067 2162 extra
1088 2112 1227 2162 hanc
1247 2110 1632 2181 genealogiam,
1658 2109 1852 2172 Zohra‚

187 2226 218 2259 a
250 2226 359 2277 quo
395 2208 498 2258 orti
535 2207 790 2268 Zohritae,
826 2225 857 2258 e
894 2208 1085 2276 quibus
1119 2206 1220 2257 fuit
1254 2206 1450 2256 Saadus
1488 2205 1626 2256 filius
1664 2205 1851 2256 Abou-

187 2303 460 2363 Wakkafi,
489 2321 627 2354 unus
654 2321 682 2354 e
709 2304 892 2354 decem
926 2302 1047 2373 [illis
1084 2303 1238 2372 supra
1275 2301 1624 2371 memoratis]‚
1652 2301 1852 2352 Amina

185 2418 403 2468 quoque
453 2409 623 2450 mater
670 2399 889 2468 apostoli
937 2398 1059 2460 Dei,
1107 2408 1161 2449 et
1204 2397 1676 2448 Abdarrahmanus
1723 2397 1852 2448 Aufi

187 2496 341 2546 filius.
398 2494 676 2565 Kosayyus
703 2495 789 2546 ille
816 2495 954 2545 inter
981 2493 1337 2545 Koreischitas
1366 2510 1622 2562 magnum
1652 2511 1850 2543 nomen

186 2593 409 2661 adeptus
447 2592 551 2651 est;
598 2590 705 2659 ipse
745 2589 1021 2641 Khozaitis
1048 2590 1218 2641 claves
1246 2588 1449 2639 delubri
1476 2587 1722 2639 Meccani
1748 2589 1849 2639 eri-

185 2688 320 2756 puit,
355 2696 512 2755 prout
543 2687 657 2756 jam
696 2686 963 2737 diximus:
1005 2686 1070 2736 ab
1108 2684 1218 2754 ipso
1253 2684 1560 2754 congregati
1588 2683 1708 2734 sunt
1737 2683 1848 2734 Ko-
1878 2724 1881 2730 .

186 2782 462 2842 reischitae,
489 2782 762 2852 gloriaque
785 2799 971 2832 eorum
1000 2781 1218 2831 fundata
1245 2780 1332 2830 est.

262 2876 541 2946 Kosayyus
580 2876 715 2927 filios
762 2877 948 2927 habuit
985 2873 1408 2934 Abdmenafum,
1450 2892 1480 2925 a
1525 2892 1631 2942 quo
1674 2874 1846 2925 conti-

188 2981 382 3024 nuatur
419 2971 572 3023 series
607 2972 869 3041 majorum
904 2972 1198 3041 prophetae,
1225 2979 1280 3022 et
1307 2979 1454 3020 extra
1488 2970 1626 3020 hanc
1661 2969 1844 3021 seriem

185 3069 549 3121 Abdaldarum
593 3076 646 3119 et
686 3067 1066 3178 Abdalozzanlg.
1146 3066 1226 3117 Ex
1266 3066 1569 3117 Abdaldaro
1609 3066 1710 3116 orti
1750 3066 1844 3117 filii

978 3156 1002 3189 4
1647 3151 1660 3161 ,

2001 224 2224 604 φῆ
2283 380 2287 382 ,
